<TICKER>;<PER>;<DATE>;<TIME>;<LAST>;<VOL>
ROSN;0;20140425;095959;225.020000000;10
ROSN;0;20140425;095959;225.020000000;20
ROSN;0;20140425;095959;225.020000000;980
ROSN;0;20140425;095959;225.020000000;40
ROSN;0;20140425;095959;225.020000000;500
ROSN;0;20140425;095959;225.020000000;10
ROSN;0;20140425;100000;225.000000000;200
ROSN;0;20140425;100000;225.000000000;10
ROSN;0;20140425;100001;225.000000000;10
ROSN;0;20140425;100003;224.770000000;10
ROSN;0;20140425;100003;224.770000000;400
ROSN;0;20140425;100003;224.600000000;10
ROSN;0;20140425;100004;224.500000000;20
ROSN;0;20140425;100004;224.420000000;20
ROSN;0;20140425;100005;224.540000000;30
ROSN;0;20140425;100008;224.560000000;20
ROSN;0;20140425;100008;224.530000000;10
ROSN;0;20140425;100010;224.640000000;900
ROSN;0;20140425;100010;224.670000000;2100
ROSN;0;20140425;100016;224.660000000;10
ROSN;0;20140425;100016;224.670000000;900
ROSN;0;20140425;100016;224.780000000;2090
ROSN;0;20140425;100022;224.770000000;300
ROSN;0;20140425;100022;224.790000000;50
ROSN;0;20140425;100022;224.820000000;530
ROSN;0;20140425;100022;225.000000000;120
ROSN;0;20140425;100022;225.300000000;340
ROSN;0;20140425;100022;225.320000000;1660
ROSN;0;20140425;100022;224.500000000;910
ROSN;0;20140425;100022;224.310000000;2090
ROSN;0;20140425;100023;224.850000000;50
ROSN;0;20140425;100023;224.840000000;50
ROSN;0;20140425;100026;224.650000000;50
ROSN;0;20140425;100026;224.530000000;10
ROSN;0;20140425;100026;224.520000000;540
ROSN;0;20140425;100032;224.830000000;100
ROSN;0;20140425;100032;224.830000000;450
ROSN;0;20140425;100032;224.840000000;200
ROSN;0;20140425;100032;224.850000000;250
ROSN;0;20140425;100032;224.880000000;200
ROSN;0;20140425;100032;225.070000000;910
ROSN;0;20140425;100032;225.080000000;990
ROSN;0;20140425;100035;224.780000000;50
ROSN;0;20140425;100035;224.650000000;40
ROSN;0;20140425;100036;224.850000000;40
ROSN;0;20140425;100037;224.650000000;900
ROSN;0;20140425;100037;224.640000000;2100
ROSN;0;20140425;100042;224.850000000;100
ROSN;0;20140425;100044;224.650000000;100
ROSN;0;20140425;100044;224.640000000;400
ROSN;0;20140425;100045;224.840000000;900
ROSN;0;20140425;100045;224.840000000;500
ROSN;0;20140425;100045;224.850000000;100
ROSN;0;20140425;100045;224.880000000;500
ROSN;0;20140425;100046;224.650000000;300
ROSN;0;20140425;100051;224.720000000;600
ROSN;0;20140425;100057;224.870000000;200
ROSN;0;20140425;100059;224.950000000;40
ROSN;0;20140425;100059;224.950000000;40
ROSN;0;20140425;100059;224.970000000;40
ROSN;0;20140425;100100;224.980000000;40
ROSN;0;20140425;100101;224.860000000;260
ROSN;0;20140425;100101;224.870000000;200
ROSN;0;20140425;100101;225.000000000;440
ROSN;0;20140425;100104;224.700000000;180
ROSN;0;20140425;100105;224.750000000;10
ROSN;0;20140425;100106;224.780000000;40
ROSN;0;20140425;100106;224.790000000;1000
ROSN;0;20140425;100106;224.790000000;40
ROSN;0;20140425;100120;224.800000000;1200
ROSN;0;20140425;100120;224.800000000;1800
ROSN;0;20140425;100120;224.820000000;100
ROSN;0;20140425;100120;224.820000000;100
ROSN;0;20140425;100120;224.810000000;100
ROSN;0;20140425;100121;224.750000000;100
ROSN;0;20140425;100121;224.700000000;220
ROSN;0;20140425;100121;224.700000000;780
ROSN;0;20140425;100121;224.620000000;10
ROSN;0;20140425;100121;224.620000000;30
ROSN;0;20140425;100121;224.620000000;440
ROSN;0;20140425;100121;224.620000000;400
ROSN;0;20140425;100121;224.620000000;120
ROSN;0;20140425;100121;224.620000000;100
ROSN;0;20140425;100121;224.730000000;800
ROSN;0;20140425;100121;224.740000000;1880
ROSN;0;20140425;100121;224.510000000;100
ROSN;0;20140425;100121;224.510000000;800
ROSN;0;20140425;100121;224.500000000;400
ROSN;0;20140425;100121;224.500000000;100
ROSN;0;20140425;100121;224.430000000;10
ROSN;0;20140425;100121;224.420000000;190
ROSN;0;20140425;100121;224.350000000;100
ROSN;0;20140425;100122;224.340000000;200
ROSN;0;20140425;100123;224.430000000;50
ROSN;0;20140425;100123;224.500000000;20
ROSN;0;20140425;100123;224.510000000;80
ROSN;0;20140425;100125;224.370000000;100
ROSN;0;20140425;100126;224.360000000;300
ROSN;0;20140425;100139;224.330000000;10
ROSN;0;20140425;100139;224.320000000;40
ROSN;0;20140425;100140;224.320000000;10
ROSN;0;20140425;100143;224.310000000;1000
ROSN;0;20140425;100147;224.480000000;100
ROSN;0;20140425;100147;224.490000000;910
ROSN;0;20140425;100147;224.500000000;990
ROSN;0;20140425;100147;224.490000000;10
ROSN;0;20140425;100147;224.500000000;2500
ROSN;0;20140425;100147;224.500000000;10
ROSN;0;20140425;100152;224.380000000;90
ROSN;0;20140425;100205;224.500000000;2000
ROSN;0;20140425;100206;224.670000000;160
ROSN;0;20140425;100206;224.670000000;200
ROSN;0;20140425;100206;224.670000000;1640
ROSN;0;20140425;100207;224.440000000;400
ROSN;0;20140425;100208;224.700000000;90
ROSN;0;20140425;100208;224.710000000;390
ROSN;0;20140425;100208;224.720000000;2520
ROSN;0;20140425;100218;224.590000000;120
ROSN;0;20140425;100218;224.580000000;280
ROSN;0;20140425;100221;224.730000000;120
ROSN;0;20140425;100221;224.740000000;280
ROSN;0;20140425;100221;224.750000000;200
ROSN;0;20140425;100221;224.750000000;300
ROSN;0;20140425;100221;224.750000000;100
ROSN;0;20140425;100229;224.590000000;120
ROSN;0;20140425;100229;224.580000000;570
ROSN;0;20140425;100239;224.730000000;120
ROSN;0;20140425;100239;224.750000000;900
ROSN;0;20140425;100239;224.750000000;300
ROSN;0;20140425;100239;224.750000000;500
ROSN;0;20140425;100239;224.750000000;300
ROSN;0;20140425;100239;224.750000000;100
ROSN;0;20140425;100239;224.750000000;100
ROSN;0;20140425;100239;224.750000000;200
ROSN;0;20140425;100239;224.750000000;300
ROSN;0;20140425;100239;224.970000000;100
ROSN;0;20140425;100239;225.000000000;80
ROSN;0;20140425;100240;224.820000000;80
ROSN;0;20140425;100240;224.820000000;20
ROSN;0;20140425;100248;224.990000000;100
ROSN;0;20140425;100309;224.880000000;40
ROSN;0;20140425;100319;224.980000000;60
ROSN;0;20140425;100322;224.870000000;20
ROSN;0;20140425;100322;224.880000000;440
ROSN;0;20140425;100330;224.880000000;40
ROSN;0;20140425;100336;224.870000000;10
ROSN;0;20140425;100338;224.870000000;40
ROSN;0;20140425;100338;224.880000000;60
ROSN;0;20140425;100340;224.860000000;10
ROSN;0;20140425;100342;224.860000000;10
ROSN;0;20140425;100349;224.860000000;260
ROSN;0;20140425;100349;224.860000000;220
ROSN;0;20140425;100349;224.850000000;20
ROSN;0;20140425;100353;224.580000000;10
ROSN;0;20140425;100353;224.580000000;10
ROSN;0;20140425;100353;224.580000000;80
ROSN;0;20140425;100400;224.540000000;100
ROSN;0;20140425;100407;224.540000000;200
ROSN;0;20140425;100408;224.540000000;40
ROSN;0;20140425;100408;224.510000000;60
ROSN;0;20140425;100410;224.520000000;100
ROSN;0;20140425;100411;224.520000000;100
ROSN;0;20140425;100411;224.520000000;30
ROSN;0;20140425;100411;224.510000000;70
ROSN;0;20140425;100411;224.520000000;10
ROSN;0;20140425;100411;224.510000000;90
ROSN;0;20140425;100411;224.510000000;100
ROSN;0;20140425;100425;224.580000000;100
ROSN;0;20140425;100437;224.680000000;240
ROSN;0;20140425;100456;224.580000000;180
ROSN;0;20140425;100458;224.580000000;1000
ROSN;0;20140425;100459;224.580000000;100
ROSN;0;20140425;100514;224.600000000;1000
ROSN;0;20140425;100514;224.770000000;40
ROSN;0;20140425;100514;224.770000000;210
ROSN;0;20140425;100514;224.600000000;100
ROSN;0;20140425;100544;224.610000000;10
ROSN;0;20140425;100544;224.600000000;90
ROSN;0;20140425;100602;224.770000000;300
ROSN;0;20140425;100602;224.780000000;50
ROSN;0;20140425;100602;224.960000000;130
ROSN;0;20140425;100603;224.770000000;120
ROSN;0;20140425;100603;224.740000000;880
ROSN;0;20140425;100603;224.950000000;250
ROSN;0;20140425;100608;224.750000000;100
ROSN;0;20140425;100627;224.750000000;140
ROSN;0;20140425;100627;224.750000000;10
ROSN;0;20140425;100627;224.750000000;330
ROSN;0;20140425;100628;224.790000000;100
ROSN;0;20140425;100649;224.790000000;10
ROSN;0;20140425;100708;224.790000000;500
ROSN;0;20140425;100708;224.790000000;180
ROSN;0;20140425;100738;224.660000000;100
ROSN;0;20140425;100746;224.660000000;100
ROSN;0;20140425;100817;224.670000000;10
ROSN;0;20140425;100817;224.660000000;90
ROSN;0;20140425;100822;224.660000000;100
ROSN;0;20140425;100822;224.760000000;100
ROSN;0;20140425;100827;224.710000000;130
ROSN;0;20140425;100828;224.670000000;220
ROSN;0;20140425;100834;224.660000000;50
ROSN;0;20140425;100834;224.770000000;100
ROSN;0;20140425;100835;224.660000000;70
ROSN;0;20140425;100835;224.660000000;130
ROSN;0;20140425;100836;224.660000000;100
ROSN;0;20140425;100836;224.660000000;100
ROSN;0;20140425;100836;224.770000000;100
ROSN;0;20140425;100836;224.660000000;170
ROSN;0;20140425;100836;224.650000000;30
ROSN;0;20140425;100836;224.660000000;10
ROSN;0;20140425;100836;224.610000000;100
ROSN;0;20140425;100836;224.610000000;300
ROSN;0;20140425;100836;224.650000000;150
ROSN;0;20140425;100836;224.610000000;710
ROSN;0;20140425;100836;224.600000000;1810
ROSN;0;20140425;100836;224.600000000;20
ROSN;0;20140425;100836;224.600000000;120
ROSN;0;20140425;100836;224.640000000;500
ROSN;0;20140425;100836;224.570000000;10
ROSN;0;20140425;100836;224.570000000;10
ROSN;0;20140425;100836;224.530000000;10
ROSN;0;20140425;100836;224.530000000;30
ROSN;0;20140425;100836;224.520000000;240
ROSN;0;20140425;100836;224.630000000;240
ROSN;0;20140425;100838;224.620000000;20
ROSN;0;20140425;100839;224.520000000;230
ROSN;0;20140425;100839;224.510000000;10
ROSN;0;20140425;100839;224.510000000;60
ROSN;0;20140425;100839;224.520000000;10
ROSN;0;20140425;100839;224.510000000;40
ROSN;0;20140425;100839;224.510000000;50
ROSN;0;20140425;100839;224.620000000;100
ROSN;0;20140425;100841;224.510000000;50
ROSN;0;20140425;100841;224.500000000;50
ROSN;0;20140425;100845;224.500000000;500
ROSN;0;20140425;100845;224.500000000;640
ROSN;0;20140425;100845;224.620000000;80
ROSN;0;20140425;100845;224.620000000;100
ROSN;0;20140425;100845;224.620000000;120
ROSN;0;20140425;100845;224.620000000;10
ROSN;0;20140425;100847;224.500000000;250
ROSN;0;20140425;100853;224.500000000;350
ROSN;0;20140425;100853;224.510000000;150
ROSN;0;20140425;100853;224.500000000;200
ROSN;0;20140425;100853;224.500000000;100
ROSN;0;20140425;100854;224.500000000;200
ROSN;0;20140425;100854;224.510000000;130
ROSN;0;20140425;100855;224.500000000;40
ROSN;0;20140425;100856;224.500000000;500
ROSN;0;20140425;100856;224.510000000;130
ROSN;0;20140425;100857;224.500000000;20
ROSN;0;20140425;100858;224.500000000;2150
ROSN;0;20140425;100858;224.500000000;200
ROSN;0;20140425;100858;224.350000000;650
ROSN;0;20140425;100858;224.500000000;500
ROSN;0;20140425;100858;224.350000000;10
ROSN;0;20140425;100858;224.490000000;10
ROSN;0;20140425;100859;224.500000000;250
ROSN;0;20140425;100859;224.380000000;10
ROSN;0;20140425;100918;224.370000000;100
ROSN;0;20140425;100918;224.370000000;200
ROSN;0;20140425;100918;224.370000000;170
ROSN;0;20140425;100918;224.490000000;10
ROSN;0;20140425;100918;224.490000000;10
ROSN;0;20140425;100918;224.490000000;10
ROSN;0;20140425;100918;224.490000000;10
ROSN;0;20140425;100918;224.490000000;20
ROSN;0;20140425;100919;224.370000000;100
ROSN;0;20140425;100919;224.370000000;100
ROSN;0;20140425;100919;224.500000000;110
ROSN;0;20140425;100919;224.380000000;100
ROSN;0;20140425;100919;224.380000000;20
ROSN;0;20140425;100919;224.370000000;80
ROSN;0;20140425;100919;224.370000000;100
ROSN;0;20140425;100919;224.360000000;60
ROSN;0;20140425;100919;224.370000000;10
ROSN;0;20140425;100920;224.340000000;20
ROSN;0;20140425;100920;224.340000000;30
ROSN;0;20140425;100920;224.340000000;20
ROSN;0;20140425;100920;224.370000000;90
ROSN;0;20140425;100920;224.370000000;20
ROSN;0;20140425;100920;224.340000000;30
ROSN;0;20140425;100920;224.320000000;130
ROSN;0;20140425;100923;224.320000000;70
ROSN;0;20140425;100923;224.310000000;110
ROSN;0;20140425;100923;224.310000000;300
ROSN;0;20140425;100923;224.310000000;200
ROSN;0;20140425;100923;224.370000000;210
ROSN;0;20140425;100924;224.310000000;70
ROSN;0;20140425;100928;224.310000000;20
ROSN;0;20140425;100928;224.310000000;30
ROSN;0;20140425;100928;224.310000000;190
ROSN;0;20140425;100928;224.310000000;100
ROSN;0;20140425;100928;224.310000000;200
ROSN;0;20140425;100928;224.370000000;100
ROSN;0;20140425;100928;224.310000000;300
ROSN;0;20140425;100928;224.310000000;100
ROSN;0;20140425;100928;224.370000000;150
ROSN;0;20140425;100929;224.310000000;60
ROSN;0;20140425;100930;224.310000000;70
ROSN;0;20140425;100931;224.310000000;100
ROSN;0;20140425;100931;224.310000000;100
ROSN;0;20140425;100931;224.310000000;100
ROSN;0;20140425;100931;224.370000000;40
ROSN;0;20140425;100931;224.310000000;200
ROSN;0;20140425;100931;224.440000000;120
ROSN;0;20140425;100935;224.310000000;130
ROSN;0;20140425;100948;224.320000000;10
ROSN;0;20140425;100955;224.320000000;10
ROSN;0;20140425;100955;224.310000000;40
ROSN;0;20140425;101037;224.420000000;10
ROSN;0;20140425;101037;224.420000000;10
ROSN;0;20140425;101037;224.420000000;20
ROSN;0;20140425;101037;224.420000000;20
ROSN;0;20140425;101038;224.500000000;10
ROSN;0;20140425;101050;224.500000000;10
ROSN;0;20140425;101100;224.500000000;910
ROSN;0;20140425;101100;224.510000000;2590
ROSN;0;20140425;101100;224.600000000;10
ROSN;0;20140425;101100;224.600000000;490
ROSN;0;20140425;101100;224.610000000;440
ROSN;0;20140425;101132;224.560000000;200
ROSN;0;20140425;101132;224.520000000;1990
ROSN;0;20140425;101132;224.610000000;500
ROSN;0;20140425;101200;224.610000000;40
ROSN;0;20140425;101200;224.610000000;50
ROSN;0;20140425;101202;224.610000000;50
ROSN;0;20140425;101202;224.610000000;60
ROSN;0;20140425;101202;224.630000000;100
ROSN;0;20140425;101223;224.640000000;100
ROSN;0;20140425;101223;224.640000000;10
ROSN;0;20140425;101225;224.640000000;30
ROSN;0;20140425;101225;224.640000000;100
ROSN;0;20140425;101225;224.640000000;160
ROSN;0;20140425;101225;224.650000000;100
ROSN;0;20140425;101227;224.650000000;30
ROSN;0;20140425;101227;224.650000000;30
ROSN;0;20140425;101227;224.650000000;270
ROSN;0;20140425;101227;224.650000000;50
ROSN;0;20140425;101227;224.650000000;100
ROSN;0;20140425;101227;224.650000000;80
ROSN;0;20140425;101227;224.650000000;50
ROSN;0;20140425;101227;224.650000000;60
ROSN;0;20140425;101230;224.610000000;40
ROSN;0;20140425;101234;224.610000000;50
ROSN;0;20140425;101301;224.650000000;570
ROSN;0;20140425;101301;224.650000000;2430
ROSN;0;20140425;101301;224.650000000;20
ROSN;0;20140425;101301;224.650000000;150
ROSN;0;20140425;101301;224.650000000;100
ROSN;0;20140425;101301;224.650000000;200
ROSN;0;20140425;101301;224.650000000;50
ROSN;0;20140425;101301;224.650000000;150
ROSN;0;20140425;101301;224.650000000;100
ROSN;0;20140425;101301;224.650000000;70
ROSN;0;20140425;101305;224.650000000;100
ROSN;0;20140425;101305;224.650000000;30
ROSN;0;20140425;101305;224.650000000;100
ROSN;0;20140425;101305;224.650000000;860
ROSN;0;20140425;101305;224.650000000;270
ROSN;0;20140425;101323;224.640000000;50
ROSN;0;20140425;101330;224.610000000;150
ROSN;0;20140425;101330;224.600000000;2850
ROSN;0;20140425;101330;224.600000000;60
ROSN;0;20140425;101330;224.600000000;20
ROSN;0;20140425;101330;224.600000000;70
ROSN;0;20140425;101330;224.640000000;500
ROSN;0;20140425;101331;224.640000000;300
ROSN;0;20140425;101356;224.630000000;100
ROSN;0;20140425;101356;224.640000000;50
ROSN;0;20140425;101411;224.640000000;10
ROSN;0;20140425;101440;224.530000000;200
ROSN;0;20140425;101440;224.640000000;50
ROSN;0;20140425;101440;224.640000000;110
ROSN;0;20140425;101502;224.530000000;60
ROSN;0;20140425;101502;224.520000000;10
ROSN;0;20140425;101502;224.520000000;10
ROSN;0;20140425;101502;224.450000000;720
ROSN;0;20140425;101502;224.590000000;200
ROSN;0;20140425;101505;224.590000000;500
ROSN;0;20140425;101505;224.590000000;10
ROSN;0;20140425;101505;224.590000000;20
ROSN;0;20140425;101505;224.590000000;30
ROSN;0;20140425;101505;224.590000000;60
ROSN;0;20140425;101533;224.630000000;10
ROSN;0;20140425;101533;224.640000000;90
ROSN;0;20140425;101534;224.640000000;20
ROSN;0;20140425;101534;224.640000000;20
ROSN;0;20140425;101621;224.520000000;120
ROSN;0;20140425;101621;224.520000000;500
ROSN;0;20140425;101621;224.590000000;190
ROSN;0;20140425;101625;224.590000000;200
ROSN;0;20140425;101636;224.590000000;160
ROSN;0;20140425;101643;224.590000000;10
ROSN;0;20140425;101648;224.590000000;10
ROSN;0;20140425;101648;224.590000000;40
ROSN;0;20140425;101659;224.520000000;300
ROSN;0;20140425;101659;224.590000000;130
ROSN;0;20140425;101704;224.520000000;10
ROSN;0;20140425;101706;224.520000000;10
ROSN;0;20140425;101706;224.520000000;80
ROSN;0;20140425;101706;224.520000000;20
ROSN;0;20140425;101706;224.500000000;30
ROSN;0;20140425;101707;224.500000000;30
ROSN;0;20140425;101707;224.500000000;20
ROSN;0;20140425;101708;224.500000000;20
ROSN;0;20140425;101708;224.500000000;10
ROSN;0;20140425;101708;224.500000000;10
ROSN;0;20140425;101708;224.500000000;10
ROSN;0;20140425;101709;224.500000000;10
ROSN;0;20140425;101714;224.500000000;20
ROSN;0;20140425;101714;224.500000000;10
ROSN;0;20140425;101715;224.500000000;20
ROSN;0;20140425;101715;224.500000000;10
ROSN;0;20140425;101715;224.500000000;10
ROSN;0;20140425;101715;224.500000000;10
ROSN;0;20140425;101715;224.500000000;170
ROSN;0;20140425;101715;224.500000000;120
ROSN;0;20140425;101715;224.500000000;80
ROSN;0;20140425;101715;224.500000000;40
ROSN;0;20140425;101715;224.500000000;40
ROSN;0;20140425;101715;224.500000000;70
ROSN;0;20140425;101715;224.590000000;170
ROSN;0;20140425;101715;224.590000000;50
ROSN;0;20140425;101715;224.510000000;90
ROSN;0;20140425;101715;224.500000000;20
ROSN;0;20140425;101715;224.500000000;50
ROSN;0;20140425;101715;224.500000000;70
ROSN;0;20140425;101715;224.500000000;10
ROSN;0;20140425;101715;224.500000000;30
ROSN;0;20140425;101715;224.500000000;60
ROSN;0;20140425;101715;224.500000000;20
ROSN;0;20140425;101726;224.540000000;10
ROSN;0;20140425;101726;224.550000000;20
ROSN;0;20140425;101758;224.500000000;30
ROSN;0;20140425;101758;224.500000000;100
ROSN;0;20140425;101800;224.370000000;910
ROSN;0;20140425;101800;224.360000000;1090
ROSN;0;20140425;101800;224.470000000;120
ROSN;0;20140425;101800;224.490000000;10
ROSN;0;20140425;101800;224.470000000;380
ROSN;0;20140425;101800;224.490000000;10
ROSN;0;20140425;101802;224.520000000;10
ROSN;0;20140425;101802;224.520000000;10
ROSN;0;20140425;101807;224.450000000;10
ROSN;0;20140425;101807;224.440000000;1990
ROSN;0;20140425;101807;224.550000000;500
ROSN;0;20140425;101810;224.360000000;120
ROSN;0;20140425;101810;224.350000000;100
ROSN;0;20140425;101810;224.350000000;10
ROSN;0;20140425;101810;224.320000000;490
ROSN;0;20140425;101810;224.310000000;190
ROSN;0;20140425;101810;224.420000000;120
ROSN;0;20140425;101810;224.420000000;120
ROSN;0;20140425;101811;224.360000000;20
ROSN;0;20140425;101813;224.320000000;10
ROSN;0;20140425;101813;224.310000000;310
ROSN;0;20140425;101813;224.300000000;10
ROSN;0;20140425;101813;224.300000000;1670
ROSN;0;20140425;101813;224.430000000;500
ROSN;0;20140425;101813;224.430000000;70
ROSN;0;20140425;101815;224.310000000;10
ROSN;0;20140425;101815;224.310000000;10
ROSN;0;20140425;101815;224.310000000;130
ROSN;0;20140425;101815;224.310000000;60
ROSN;0;20140425;101815;224.310000000;50
ROSN;0;20140425;101815;224.310000000;70
ROSN;0;20140425;101815;224.430000000;100
ROSN;0;20140425;101815;224.310000000;10
ROSN;0;20140425;101815;224.310000000;110
ROSN;0;20140425;101815;224.310000000;50
ROSN;0;20140425;101815;224.310000000;30
ROSN;0;20140425;101815;224.310000000;20
ROSN;0;20140425;101815;224.310000000;10
ROSN;0;20140425;101815;224.310000000;10
ROSN;0;20140425;101815;224.310000000;20
ROSN;0;20140425;101815;224.310000000;40
ROSN;0;20140425;101815;224.310000000;20
ROSN;0;20140425;101815;224.310000000;10
ROSN;0;20140425;101816;224.310000000;10
ROSN;0;20140425;101818;224.410000000;30
ROSN;0;20140425;101821;224.300000000;850
ROSN;0;20140425;101821;224.290000000;1150
ROSN;0;20140425;101821;224.370000000;500
ROSN;0;20140425;101821;224.220000000;10
ROSN;0;20140425;101821;224.350000000;10
ROSN;0;20140425;101821;224.350000000;30
ROSN;0;20140425;101821;224.350000000;60
ROSN;0;20140425;101821;224.230000000;160
ROSN;0;20140425;101822;224.210000000;50
ROSN;0;20140425;101822;224.210000000;50
ROSN;0;20140425;101823;224.210000000;80
ROSN;0;20140425;101823;224.210000000;30
ROSN;0;20140425;101823;224.210000000;20
ROSN;0;20140425;101823;224.210000000;20
ROSN;0;20140425;101823;224.210000000;20
ROSN;0;20140425;101823;224.210000000;50
ROSN;0;20140425;101823;224.210000000;10
ROSN;0;20140425;101823;224.210000000;30
ROSN;0;20140425;101823;224.330000000;120
ROSN;0;20140425;101823;224.220000000;120
ROSN;0;20140425;101823;224.210000000;100
ROSN;0;20140425;101823;224.210000000;20
ROSN;0;20140425;101823;224.210000000;10
ROSN;0;20140425;101823;224.210000000;40
ROSN;0;20140425;101823;224.210000000;50
ROSN;0;20140425;101823;224.210000000;20
ROSN;0;20140425;101823;224.210000000;30
ROSN;0;20140425;101823;224.210000000;20
ROSN;0;20140425;101824;224.210000000;350
ROSN;0;20140425;101824;224.210000000;100
ROSN;0;20140425;101824;224.210000000;30
ROSN;0;20140425;101824;224.320000000;120
ROSN;0;20140425;101824;224.320000000;50
ROSN;0;20140425;101824;224.320000000;60
ROSN;0;20140425;101824;224.210000000;170
ROSN;0;20140425;101824;224.210000000;80
ROSN;0;20140425;101824;224.210000000;30
ROSN;0;20140425;101824;224.210000000;20
ROSN;0;20140425;101824;224.210000000;20
ROSN;0;20140425;101824;224.210000000;30
ROSN;0;20140425;101825;224.340000000;30
ROSN;0;20140425;101828;224.360000000;70
ROSN;0;20140425;101828;224.360000000;110
ROSN;0;20140425;101829;224.360000000;100
ROSN;0;20140425;101832;224.260000000;10
ROSN;0;20140425;101832;224.210000000;10
ROSN;0;20140425;101832;224.220000000;300
ROSN;0;20140425;101832;224.270000000;60
ROSN;0;20140425;101832;224.270000000;90
ROSN;0;20140425;101832;224.340000000;140
ROSN;0;20140425;101832;224.230000000;410
ROSN;0;20140425;101833;224.280000000;300
ROSN;0;20140425;101833;224.280000000;150
ROSN;0;20140425;101833;224.280000000;30
ROSN;0;20140425;101833;224.230000000;30
ROSN;0;20140425;101833;224.220000000;170
ROSN;0;20140425;101833;224.210000000;110
ROSN;0;20140425;101833;224.210000000;10
ROSN;0;20140425;101834;224.210000000;10
ROSN;0;20140425;101834;224.200000000;200
ROSN;0;20140425;101834;224.130000000;250
ROSN;0;20140425;101834;224.130000000;50
ROSN;0;20140425;101834;224.130000000;20
ROSN;0;20140425;101834;224.200000000;130
ROSN;0;20140425;101834;224.130000000;60
ROSN;0;20140425;101834;224.100000000;10
ROSN;0;20140425;101834;224.190000000;100
ROSN;0;20140425;101834;224.080000000;40
ROSN;0;20140425;101834;224.080000000;60
ROSN;0;20140425;101834;224.070000000;90
ROSN;0;20140425;101835;224.080000000;10
ROSN;0;20140425;101835;224.070000000;190
ROSN;0;20140425;101835;224.190000000;100
ROSN;0;20140425;101839;224.080000000;10
ROSN;0;20140425;101841;224.070000000;320
ROSN;0;20140425;101841;224.040000000;960
ROSN;0;20140425;101841;224.030000000;100
ROSN;0;20140425;101841;224.030000000;100
ROSN;0;20140425;101841;224.020000000;20
ROSN;0;20140425;101841;224.150000000;380
ROSN;0;20140425;101842;224.030000000;100
ROSN;0;20140425;101853;224.120000000;430
ROSN;0;20140425;101853;224.130000000;80
ROSN;0;20140425;101853;224.180000000;10
ROSN;0;20140425;101853;224.220000000;2000
ROSN;0;20140425;101853;224.240000000;600
ROSN;0;20140425;101853;224.240000000;350
ROSN;0;20140425;101853;224.240000000;650
ROSN;0;20140425;101853;224.370000000;500
ROSN;0;20140425;101853;224.200000000;10
ROSN;0;20140425;101853;224.190000000;10
ROSN;0;20140425;101853;224.290000000;200
ROSN;0;20140425;101853;224.290000000;200
ROSN;0;20140425;101853;224.290000000;100
ROSN;0;20140425;101855;224.040000000;20
ROSN;0;20140425;101855;224.040000000;180
ROSN;0;20140425;101856;224.040000000;200
ROSN;0;20140425;101856;224.150000000;140
ROSN;0;20140425;101903;224.130000000;20
ROSN;0;20140425;101910;224.050000000;100
ROSN;0;20140425;101910;224.040000000;300
ROSN;0;20140425;101910;224.130000000;20
ROSN;0;20140425;101910;224.130000000;90
ROSN;0;20140425;101917;224.050000000;80
ROSN;0;20140425;101920;224.050000000;10
ROSN;0;20140425;101929;224.040000000;30
ROSN;0;20140425;101931;224.030000000;10
ROSN;0;20140425;101931;224.030000000;10
ROSN;0;20140425;101931;224.030000000;20
ROSN;0;20140425;101931;224.030000000;10
ROSN;0;20140425;101931;224.030000000;10
ROSN;0;20140425;101931;224.030000000;170
ROSN;0;20140425;101931;224.020000000;30
ROSN;0;20140425;101931;224.020000000;100
ROSN;0;20140425;101931;224.120000000;120
ROSN;0;20140425;101932;224.030000000;120
ROSN;0;20140425;101932;224.020000000;180
ROSN;0;20140425;101932;224.030000000;10
ROSN;0;20140425;101932;224.020000000;290
ROSN;0;20140425;101932;224.130000000;150
ROSN;0;20140425;101933;224.030000000;100
ROSN;0;20140425;101938;224.030000000;40
ROSN;0;20140425;101938;224.020000000;60
ROSN;0;20140425;101938;224.030000000;10
ROSN;0;20140425;101938;224.020000000;90
ROSN;0;20140425;101938;224.020000000;80
ROSN;0;20140425;101940;224.010000000;10
ROSN;0;20140425;101940;224.010000000;50
ROSN;0;20140425;101940;224.000000000;10
ROSN;0;20140425;101940;224.000000000;10
ROSN;0;20140425;101940;224.000000000;10
ROSN;0;20140425;101940;224.000000000;70
ROSN;0;20140425;101940;224.000000000;840
ROSN;0;20140425;101940;224.000000000;160
ROSN;0;20140425;101940;224.000000000;10
ROSN;0;20140425;101940;224.000000000;100
ROSN;0;20140425;101940;224.000000000;20
ROSN;0;20140425;101940;224.000000000;600
ROSN;0;20140425;101940;224.010000000;60
ROSN;0;20140425;101940;224.010000000;110
ROSN;0;20140425;101940;224.000000000;10
ROSN;0;20140425;101942;223.870000000;120
ROSN;0;20140425;101942;223.870000000;500
ROSN;0;20140425;101946;223.860000000;20
ROSN;0;20140425;101946;223.810000000;20
ROSN;0;20140425;101947;223.810000000;350
ROSN;0;20140425;101948;223.800000000;10
ROSN;0;20140425;101949;223.800000000;10
ROSN;0;20140425;101949;223.790000000;10
ROSN;0;20140425;101956;223.710000000;300
ROSN;0;20140425;101956;223.710000000;350
ROSN;0;20140425;101956;223.710000000;50
ROSN;0;20140425;101956;223.710000000;10
ROSN;0;20140425;101957;223.710000000;20
ROSN;0;20140425;101957;223.710000000;30
ROSN;0;20140425;101957;223.710000000;30
ROSN;0;20140425;101957;223.710000000;10
ROSN;0;20140425;101957;223.710000000;10
ROSN;0;20140425;101957;223.710000000;30
ROSN;0;20140425;101957;223.710000000;30
ROSN;0;20140425;101957;223.710000000;500
ROSN;0;20140425;102001;223.800000000;20
ROSN;0;20140425;102001;223.800000000;10
ROSN;0;20140425;102005;223.800000000;20
ROSN;0;20140425;102008;223.720000000;20
ROSN;0;20140425;102017;223.740000000;200
ROSN;0;20140425;102017;223.710000000;1630
ROSN;0;20140425;102017;223.700000000;10
ROSN;0;20140425;102017;223.700000000;10
ROSN;0;20140425;102017;223.700000000;50
ROSN;0;20140425;102017;223.700000000;10
ROSN;0;20140425;102017;223.680000000;90
ROSN;0;20140425;102017;223.680000000;90
ROSN;0;20140425;102017;223.680000000;20
ROSN;0;20140425;102017;223.660000000;50
ROSN;0;20140425;102017;223.650000000;240
ROSN;0;20140425;102017;223.650000000;90
ROSN;0;20140425;102017;223.650000000;140
ROSN;0;20140425;102017;223.650000000;50
ROSN;0;20140425;102021;223.650000000;20
ROSN;0;20140425;102021;223.650000000;20
ROSN;0;20140425;102031;223.660000000;10
ROSN;0;20140425;102031;223.670000000;100
ROSN;0;20140425;102031;223.670000000;90
ROSN;0;20140425;102031;223.670000000;200
ROSN;0;20140425;102031;223.650000000;2000
ROSN;0;20140425;102031;223.640000000;3000
ROSN;0;20140425;102031;223.630000000;100
ROSN;0;20140425;102031;223.600000000;10
ROSN;0;20140425;102031;223.600000000;20
ROSN;0;20140425;102031;223.600000000;500
ROSN;0;20140425;102031;223.570000000;50
ROSN;0;20140425;102031;223.560000000;20
ROSN;0;20140425;102031;223.540000000;580
ROSN;0;20140425;102031;223.530000000;100
ROSN;0;20140425;102031;223.510000000;50
ROSN;0;20140425;102031;223.510000000;10
ROSN;0;20140425;102031;223.510000000;220
ROSN;0;20140425;102032;223.650000000;10
ROSN;0;20140425;102032;223.650000000;50
ROSN;0;20140425;102034;223.650000000;100
ROSN;0;20140425;102034;223.650000000;80
ROSN;0;20140425;102054;223.630000000;10
ROSN;0;20140425;102054;223.630000000;900
ROSN;0;20140425;102054;223.640000000;1000
ROSN;0;20140425;102054;223.630000000;10
ROSN;0;20140425;102054;223.630000000;10
ROSN;0;20140425;102054;223.650000000;290
ROSN;0;20140425;102100;223.650000000;1630
ROSN;0;20140425;102100;223.650000000;100
ROSN;0;20140425;102100;223.650000000;270
ROSN;0;20140425;102102;223.530000000;20
ROSN;0;20140425;102102;223.640000000;120
ROSN;0;20140425;102104;223.530000000;50
ROSN;0;20140425;102105;223.530000000;840
ROSN;0;20140425;102105;223.530000000;80
ROSN;0;20140425;102105;223.530000000;160
ROSN;0;20140425;102105;223.530000000;500
ROSN;0;20140425;102105;223.510000000;370
ROSN;0;20140425;102105;223.500000000;40
ROSN;0;20140425;102105;223.510000000;10
ROSN;0;20140425;102105;223.510000000;50
ROSN;0;20140425;102106;223.510000000;10
ROSN;0;20140425;102106;223.650000000;80
ROSN;0;20140425;102110;223.670000000;10
ROSN;0;20140425;102113;223.750000000;910
ROSN;0;20140425;102113;223.750000000;90
ROSN;0;20140425;102116;223.550000000;10
ROSN;0;20140425;102116;223.550000000;60
ROSN;0;20140425;102116;223.520000000;50
ROSN;0;20140425;102116;223.520000000;130
ROSN;0;20140425;102117;223.850000000;20
ROSN;0;20140425;102123;223.830000000;20
ROSN;0;20140425;102125;223.820000000;10
ROSN;0;20140425;102133;223.600000000;10
ROSN;0;20140425;102133;223.590000000;190
ROSN;0;20140425;102143;223.600000000;10
ROSN;0;20140425;102143;223.520000000;20
ROSN;0;20140425;102201;223.600000000;100
ROSN;0;20140425;102201;223.520000000;600
ROSN;0;20140425;102201;223.520000000;20
ROSN;0;20140425;102201;223.510000000;480
ROSN;0;20140425;102207;223.800000000;10
ROSN;0;20140425;102208;223.800000000;10
ROSN;0;20140425;102208;223.770000000;370
ROSN;0;20140425;102208;223.770000000;100
ROSN;0;20140425;102208;223.770000000;220
ROSN;0;20140425;102208;223.800000000;200
ROSN;0;20140425;102232;223.960000000;50
ROSN;0;20140425;102233;223.900000000;50
ROSN;0;20140425;102234;223.920000000;10
ROSN;0;20140425;102235;223.990000000;40
ROSN;0;20140425;102238;223.900000000;50
ROSN;0;20140425;102238;223.900000000;500
ROSN;0;20140425;102240;223.730000000;50
ROSN;0;20140425;102240;223.730000000;170
ROSN;0;20140425;102240;223.720000000;960
ROSN;0;20140425;102250;223.880000000;900
ROSN;0;20140425;102250;223.890000000;100
ROSN;0;20140425;102311;223.710000000;120
ROSN;0;20140425;102311;223.700000000;480
ROSN;0;20140425;102316;223.700000000;50
ROSN;0;20140425;102323;223.700000000;470
ROSN;0;20140425;102323;223.680000000;100
ROSN;0;20140425;102323;223.560000000;50
ROSN;0;20140425;102323;223.530000000;1380
ROSN;0;20140425;102323;223.780000000;10
ROSN;0;20140425;102323;223.790000000;10
ROSN;0;20140425;102335;223.630000000;30
ROSN;0;20140425;102335;223.780000000;120
ROSN;0;20140425;102341;223.790000000;10
ROSN;0;20140425;102342;223.690000000;90
ROSN;0;20140425;102346;223.780000000;10
ROSN;0;20140425;102353;223.660000000;120
ROSN;0;20140425;102417;223.620000000;300
ROSN;0;20140425;102417;223.620000000;90
ROSN;0;20140425;102417;223.610000000;1610
ROSN;0;20140425;102417;223.610000000;1390
ROSN;0;20140425;102419;223.620000000;40
ROSN;0;20140425;102420;223.620000000;40
ROSN;0;20140425;102420;223.620000000;500
ROSN;0;20140425;102420;223.620000000;860
ROSN;0;20140425;102420;223.620000000;170
ROSN;0;20140425;102447;223.560000000;30
ROSN;0;20140425;102449;223.620000000;130
ROSN;0;20140425;102451;223.580000000;910
ROSN;0;20140425;102451;223.580000000;60
ROSN;0;20140425;102451;223.570000000;3000
ROSN;0;20140425;102451;223.520000000;50
ROSN;0;20140425;102451;223.520000000;10
ROSN;0;20140425;102451;223.510000000;10
ROSN;0;20140425;102451;223.500000000;60
ROSN;0;20140425;102451;223.500000000;100
ROSN;0;20140425;102451;223.500000000;2000
ROSN;0;20140425;102451;223.500000000;20
ROSN;0;20140425;102451;223.500000000;150
ROSN;0;20140425;102451;223.500000000;500
ROSN;0;20140425;102451;223.500000000;100
ROSN;0;20140425;102451;223.500000000;3630
ROSN;0;20140425;102454;223.610000000;10
ROSN;0;20140425;102457;223.600000000;2000
ROSN;0;20140425;102457;223.600000000;1000
ROSN;0;20140425;102509;223.640000000;910
ROSN;0;20140425;102509;223.650000000;3000
ROSN;0;20140425;102509;223.700000000;500
ROSN;0;20140425;102509;223.710000000;200
ROSN;0;20140425;102509;223.720000000;890
ROSN;0;20140425;102527;223.510000000;900
ROSN;0;20140425;102527;223.510000000;450
ROSN;0;20140425;102528;223.510000000;10
ROSN;0;20140425;102528;223.510000000;1950
ROSN;0;20140425;102532;223.500000000;960
ROSN;0;20140425;102532;223.500000000;410
ROSN;0;20140425;102532;223.500000000;10
ROSN;0;20140425;102532;223.500000000;1580
ROSN;0;20140425;102532;223.500000000;420
ROSN;0;20140425;102532;223.500000000;100
ROSN;0;20140425;102532;223.470000000;190
ROSN;0;20140425;102532;223.470000000;310
ROSN;0;20140425;102532;223.450000000;10
ROSN;0;20140425;102536;223.440000000;10
ROSN;0;20140425;102539;223.520000000;50
ROSN;0;20140425;102543;223.430000000;200
ROSN;0;20140425;102547;223.430000000;10
ROSN;0;20140425;102547;223.420000000;500
ROSN;0;20140425;102547;223.410000000;70
ROSN;0;20140425;102547;223.410000000;10
ROSN;0;20140425;102547;223.410000000;10
ROSN;0;20140425;102547;223.410000000;520
ROSN;0;20140425;102547;223.410000000;10
ROSN;0;20140425;102547;223.410000000;20
ROSN;0;20140425;102547;223.410000000;350
ROSN;0;20140425;102554;223.400000000;10
ROSN;0;20140425;102554;223.400000000;10
ROSN;0;20140425;102554;223.390000000;440
ROSN;0;20140425;102554;223.390000000;180
ROSN;0;20140425;102554;223.390000000;40
ROSN;0;20140425;102555;223.390000000;10
ROSN;0;20140425;102555;223.390000000;210
ROSN;0;20140425;102609;223.430000000;10
ROSN;0;20140425;102612;223.430000000;10
ROSN;0;20140425;102626;223.430000000;40
ROSN;0;20140425;102626;223.430000000;250
ROSN;0;20140425;102626;223.430000000;240
ROSN;0;20140425;102626;223.440000000;850
ROSN;0;20140425;102626;223.440000000;310
ROSN;0;20140425;102626;223.440000000;1340
ROSN;0;20140425;102626;223.440000000;830
ROSN;0;20140425;102626;223.440000000;2670
ROSN;0;20140425;102629;223.470000000;30
ROSN;0;20140425;102629;223.470000000;40
ROSN;0;20140425;102629;223.470000000;570
ROSN;0;20140425;102629;223.470000000;180
ROSN;0;20140425;102629;223.470000000;80
ROSN;0;20140425;102629;223.470000000;10
ROSN;0;20140425;102629;223.480000000;20
ROSN;0;20140425;102629;223.470000000;10
ROSN;0;20140425;102630;223.480000000;20
ROSN;0;20140425;102630;223.480000000;10
ROSN;0;20140425;102630;223.480000000;30
ROSN;0;20140425;102630;223.480000000;10
ROSN;0;20140425;102630;223.480000000;20
ROSN;0;20140425;102630;223.480000000;20
ROSN;0;20140425;102630;223.480000000;30
ROSN;0;20140425;102630;223.480000000;20
ROSN;0;20140425;102630;223.480000000;40
ROSN;0;20140425;102631;223.480000000;20
ROSN;0;20140425;102631;223.480000000;10
ROSN;0;20140425;102631;223.480000000;30
ROSN;0;20140425;102631;223.480000000;10
ROSN;0;20140425;102631;223.480000000;160
ROSN;0;20140425;102631;223.480000000;40
ROSN;0;20140425;102631;223.480000000;40
ROSN;0;20140425;102631;223.480000000;40
ROSN;0;20140425;102631;223.480000000;90
ROSN;0;20140425;102631;223.480000000;4020
ROSN;0;20140425;102631;223.480000000;120
ROSN;0;20140425;102631;223.480000000;460
ROSN;0;20140425;102631;223.480000000;50
ROSN;0;20140425;102631;223.480000000;30
ROSN;0;20140425;102631;223.480000000;100
ROSN;0;20140425;102631;223.480000000;50
ROSN;0;20140425;102631;223.480000000;40
ROSN;0;20140425;102631;223.480000000;20
ROSN;0;20140425;102631;223.480000000;30
ROSN;0;20140425;102631;223.480000000;320
ROSN;0;20140425;102631;223.480000000;30
ROSN;0;20140425;102631;223.480000000;50
ROSN;0;20140425;102631;223.480000000;100
ROSN;0;20140425;102631;223.480000000;500
ROSN;0;20140425;102631;223.480000000;20
ROSN;0;20140425;102631;223.480000000;50
ROSN;0;20140425;102631;223.480000000;10
ROSN;0;20140425;102631;223.480000000;20
ROSN;0;20140425;102632;223.480000000;100
ROSN;0;20140425;102632;223.480000000;2000
ROSN;0;20140425;102632;223.480000000;120
ROSN;0;20140425;102632;223.480000000;50
ROSN;0;20140425;102632;223.480000000;20
ROSN;0;20140425;102632;223.480000000;50
ROSN;0;20140425;102632;223.480000000;20
ROSN;0;20140425;102632;223.480000000;50
ROSN;0;20140425;102632;223.480000000;50
ROSN;0;20140425;102632;223.480000000;20
ROSN;0;20140425;102632;223.480000000;90
ROSN;0;20140425;102632;223.480000000;30
ROSN;0;20140425;102632;223.480000000;20
ROSN;0;20140425;102632;223.480000000;10
ROSN;0;20140425;102632;223.480000000;30
ROSN;0;20140425;102633;223.480000000;500
ROSN;0;20140425;102633;223.470000000;10
ROSN;0;20140425;102633;223.480000000;10
ROSN;0;20140425;102634;223.480000000;200
ROSN;0;20140425;102634;223.480000000;400
ROSN;0;20140425;102634;223.480000000;20
ROSN;0;20140425;102635;223.480000000;20
ROSN;0;20140425;102635;223.480000000;50
ROSN;0;20140425;102635;223.480000000;100
ROSN;0;20140425;102635;223.480000000;30
ROSN;0;20140425;102635;223.480000000;50
ROSN;0;20140425;102635;223.480000000;600
ROSN;0;20140425;102636;223.480000000;20
ROSN;0;20140425;102636;223.480000000;20
ROSN;0;20140425;102637;223.480000000;20
ROSN;0;20140425;102637;223.470000000;180
ROSN;0;20140425;102637;223.480000000;400
ROSN;0;20140425;102640;223.480000000;200
ROSN;0;20140425;102641;223.480000000;20
ROSN;0;20140425;102644;223.480000000;30
ROSN;0;20140425;102644;223.480000000;30
ROSN;0;20140425;102644;223.480000000;20
ROSN;0;20140425;102644;223.480000000;20
ROSN;0;20140425;102644;223.480000000;10
ROSN;0;20140425;102646;223.480000000;10
ROSN;0;20140425;102646;223.480000000;20
ROSN;0;20140425;102646;223.480000000;60
ROSN;0;20140425;102646;223.530000000;100
ROSN;0;20140425;102648;223.520000000;10
ROSN;0;20140425;102648;223.530000000;770
ROSN;0;20140425;102649;223.530000000;600
ROSN;0;20140425;102652;223.530000000;30
ROSN;0;20140425;102652;223.530000000;20
ROSN;0;20140425;102652;223.530000000;30
ROSN;0;20140425;102652;223.530000000;20
ROSN;0;20140425;102652;223.530000000;20
ROSN;0;20140425;102652;223.530000000;20
ROSN;0;20140425;102652;223.530000000;20
ROSN;0;20140425;102652;223.530000000;20
ROSN;0;20140425;102652;223.530000000;30
ROSN;0;20140425;102652;223.530000000;10
ROSN;0;20140425;102652;223.530000000;40
ROSN;0;20140425;102652;223.530000000;50
ROSN;0;20140425;102652;223.530000000;20
ROSN;0;20140425;102652;223.530000000;30
ROSN;0;20140425;102652;223.530000000;10
ROSN;0;20140425;102653;223.530000000;140
ROSN;0;20140425;102653;223.530000000;10
ROSN;0;20140425;102653;223.530000000;10
ROSN;0;20140425;102654;223.640000000;200
ROSN;0;20140425;102657;223.820000000;50
ROSN;0;20140425;102657;223.820000000;40
ROSN;0;20140425;102658;223.810000000;100
ROSN;0;20140425;102658;223.820000000;190
ROSN;0;20140425;102658;223.820000000;400
ROSN;0;20140425;102658;223.820000000;210
ROSN;0;20140425;102658;223.820000000;1070
ROSN;0;20140425;102658;223.820000000;30
ROSN;0;20140425;102658;223.820000000;40
ROSN;0;20140425;102658;223.820000000;20
ROSN;0;20140425;102658;223.820000000;10
ROSN;0;20140425;102658;223.820000000;200
ROSN;0;20140425;102658;223.820000000;20
ROSN;0;20140425;102658;223.820000000;10
ROSN;0;20140425;102658;223.820000000;440
ROSN;0;20140425;102658;223.830000000;10
ROSN;0;20140425;102658;223.830000000;50
ROSN;0;20140425;102658;223.830000000;230
ROSN;0;20140425;102658;223.830000000;20
ROSN;0;20140425;102658;223.830000000;20
ROSN;0;20140425;102658;223.830000000;30
ROSN;0;20140425;102658;223.830000000;30
ROSN;0;20140425;102658;223.830000000;10
ROSN;0;20140425;102658;223.830000000;200
ROSN;0;20140425;102658;223.830000000;10
ROSN;0;20140425;102658;223.830000000;10
ROSN;0;20140425;102658;223.830000000;50
ROSN;0;20140425;102658;223.830000000;110
ROSN;0;20140425;102658;223.830000000;10
ROSN;0;20140425;102658;223.830000000;10
ROSN;0;20140425;102658;223.860000000;40
ROSN;0;20140425;102658;223.860000000;100
ROSN;0;20140425;102659;223.860000000;20
ROSN;0;20140425;102659;223.860000000;10
ROSN;0;20140425;102659;223.860000000;30
ROSN;0;20140425;102659;223.830000000;800
ROSN;0;20140425;102659;223.870000000;30
ROSN;0;20140425;102659;223.890000000;130
ROSN;0;20140425;102659;223.870000000;10
ROSN;0;20140425;102659;223.870000000;10
ROSN;0;20140425;102659;223.870000000;10
ROSN;0;20140425;102659;223.870000000;10
ROSN;0;20140425;102659;223.890000000;350
ROSN;0;20140425;102659;223.890000000;200
ROSN;0;20140425;102700;223.890000000;30
ROSN;0;20140425;102700;223.880000000;50
ROSN;0;20140425;102700;223.890000000;10
ROSN;0;20140425;102700;223.880000000;10
ROSN;0;20140425;102700;223.890000000;50
ROSN;0;20140425;102700;223.880000000;440
ROSN;0;20140425;102700;223.880000000;500
ROSN;0;20140425;102700;223.870000000;380
ROSN;0;20140425;102700;223.880000000;450
ROSN;0;20140425;102700;223.890000000;16230
ROSN;0;20140425;102700;223.910000000;3000
ROSN;0;20140425;102700;223.990000000;130
ROSN;0;20140425;102700;224.000000000;40
ROSN;0;20140425;102701;224.000000000;60
ROSN;0;20140425;102701;224.000000000;80
ROSN;0;20140425;102702;224.000000000;70
ROSN;0;20140425;102703;224.000000000;100
ROSN;0;20140425;102703;224.000000000;40
ROSN;0;20140425;102704;224.000000000;210
ROSN;0;20140425;102704;224.060000000;1000
ROSN;0;20140425;102705;224.060000000;770
ROSN;0;20140425;102706;224.130000000;100
ROSN;0;20140425;102706;224.130000000;100
ROSN;0;20140425;102706;224.130000000;300
ROSN;0;20140425;102706;224.130000000;100
ROSN;0;20140425;102708;224.120000000;100
ROSN;0;20140425;102708;224.130000000;270
ROSN;0;20140425;102711;224.000000000;10
ROSN;0;20140425;102712;224.000000000;60
ROSN;0;20140425;102712;224.000000000;1940
ROSN;0;20140425;102713;224.130000000;10
ROSN;0;20140425;102713;223.990000000;910
ROSN;0;20140425;102713;223.980000000;1090
ROSN;0;20140425;102714;224.110000000;120
ROSN;0;20140425;102714;224.120000000;180
ROSN;0;20140425;102719;224.000000000;40
ROSN;0;20140425;102719;224.000000000;10
ROSN;0;20140425;102719;224.000000000;10
ROSN;0;20140425;102719;224.000000000;10
ROSN;0;20140425;102721;223.990000000;180
ROSN;0;20140425;102721;223.980000000;1820
ROSN;0;20140425;102722;223.920000000;10
ROSN;0;20140425;102722;223.920000000;90
ROSN;0;20140425;102723;223.920000000;20
ROSN;0;20140425;102723;223.920000000;260
ROSN;0;20140425;102723;223.920000000;130
ROSN;0;20140425;102724;223.830000000;220
ROSN;0;20140425;102724;223.740000000;240
ROSN;0;20140425;102724;223.730000000;3000
ROSN;0;20140425;102724;223.530000000;2040
ROSN;0;20140425;102733;223.930000000;160
ROSN;0;20140425;102738;223.950000000;10
ROSN;0;20140425;102748;223.920000000;750
ROSN;0;20140425;102748;223.930000000;100
ROSN;0;20140425;102748;223.960000000;150
ROSN;0;20140425;102755;223.900000000;10
ROSN;0;20140425;102805;223.800000000;10
ROSN;0;20140425;102808;223.940000000;70
ROSN;0;20140425;102808;223.950000000;10
ROSN;0;20140425;102808;223.960000000;90
ROSN;0;20140425;102808;223.960000000;50
ROSN;0;20140425;102808;223.970000000;640
ROSN;0;20140425;102820;223.930000000;10
ROSN;0;20140425;102820;223.940000000;10
ROSN;0;20140425;102821;223.960000000;10
ROSN;0;20140425;102821;223.970000000;10
ROSN;0;20140425;102827;223.970000000;10
ROSN;0;20140425;102829;223.800000000;120
ROSN;0;20140425;102838;223.610000000;10
ROSN;0;20140425;102842;223.720000000;120
ROSN;0;20140425;102902;223.930000000;10
ROSN;0;20140425;102902;223.940000000;10
ROSN;0;20140425;102902;223.810000000;40
ROSN;0;20140425;102905;223.930000000;30
ROSN;0;20140425;102907;223.970000000;10
ROSN;0;20140425;102913;223.970000000;20
ROSN;0;20140425;102919;223.970000000;10
ROSN;0;20140425;102921;223.830000000;50
ROSN;0;20140425;102921;223.830000000;70
ROSN;0;20140425;102956;223.940000000;10
ROSN;0;20140425;102958;223.940000000;20
ROSN;0;20140425;103030;223.690000000;180
ROSN;0;20140425;103030;223.660000000;100
ROSN;0;20140425;103042;223.860000000;10
ROSN;0;20140425;103048;223.870000000;170
ROSN;0;20140425;103117;223.800000000;200
ROSN;0;20140425;103117;223.800000000;710
ROSN;0;20140425;103146;223.670000000;10
ROSN;0;20140425;103146;223.670000000;490
ROSN;0;20140425;103246;223.720000000;710
ROSN;0;20140425;103247;223.650000000;10
ROSN;0;20140425;103247;223.640000000;340
ROSN;0;20140425;103247;223.640000000;300
ROSN;0;20140425;103249;223.700000000;200
ROSN;0;20140425;103251;223.680000000;130
ROSN;0;20140425;103329;223.690000000;10
ROSN;0;20140425;103345;223.710000000;20
ROSN;0;20140425;103346;223.710000000;10
ROSN;0;20140425;103349;223.710000000;10
ROSN;0;20140425;103354;223.710000000;20
ROSN;0;20140425;103357;223.710000000;90
ROSN;0;20140425;103357;223.710000000;30
ROSN;0;20140425;103357;223.700000000;110
ROSN;0;20140425;103357;223.710000000;50
ROSN;0;20140425;103405;223.560000000;10
ROSN;0;20140425;103415;223.560000000;90
ROSN;0;20140425;103415;223.560000000;310
ROSN;0;20140425;103416;223.680000000;10
ROSN;0;20140425;103431;223.690000000;10
ROSN;0;20140425;103502;223.560000000;10
ROSN;0;20140425;103527;223.600000000;10
ROSN;0;20140425;103527;223.610000000;10
ROSN;0;20140425;103554;223.690000000;790
ROSN;0;20140425;103554;223.700000000;3000
ROSN;0;20140425;103557;223.700000000;10
ROSN;0;20140425;103559;223.700000000;10
ROSN;0;20140425;103559;223.700000000;10
ROSN;0;20140425;103621;223.830000000;10
ROSN;0;20140425;103621;223.840000000;10
ROSN;0;20140425;103624;223.730000000;910
ROSN;0;20140425;103624;223.730000000;170
ROSN;0;20140425;103624;223.720000000;420
ROSN;0;20140425;103649;223.730000000;10
ROSN;0;20140425;103653;223.720000000;200
ROSN;0;20140425;103701;223.720000000;100
ROSN;0;20140425;103705;223.710000000;50
ROSN;0;20140425;103713;223.710000000;2000
ROSN;0;20140425;103735;223.710000000;10
ROSN;0;20140425;103735;223.710000000;30
ROSN;0;20140425;103742;223.820000000;10
ROSN;0;20140425;103742;223.830000000;10
ROSN;0;20140425;103759;223.830000000;20
ROSN;0;20140425;103811;223.710000000;100
ROSN;0;20140425;103812;223.700000000;10
ROSN;0;20140425;103812;223.700000000;10
ROSN;0;20140425;103812;223.820000000;20
ROSN;0;20140425;103812;223.710000000;40
ROSN;0;20140425;103816;223.700000000;1160
ROSN;0;20140425;103816;223.620000000;80
ROSN;0;20140425;103819;223.600000000;100
ROSN;0;20140425;103819;223.600000000;100
ROSN;0;20140425;103843;223.690000000;60
ROSN;0;20140425;103844;223.620000000;10
ROSN;0;20140425;103844;223.620000000;10
ROSN;0;20140425;103844;223.620000000;10
ROSN;0;20140425;103844;223.620000000;10
ROSN;0;20140425;103844;223.620000000;10
ROSN;0;20140425;103844;223.610000000;200
ROSN;0;20140425;103844;223.610000000;10
ROSN;0;20140425;103844;223.600000000;290
ROSN;0;20140425;103844;223.600000000;370
ROSN;0;20140425;103844;223.600000000;170
ROSN;0;20140425;103844;223.600000000;740
ROSN;0;20140425;103844;223.600000000;530
ROSN;0;20140425;103844;223.600000000;410
ROSN;0;20140425;103844;223.600000000;230
ROSN;0;20140425;103844;223.600000000;10
ROSN;0;20140425;103844;223.600000000;50
ROSN;0;20140425;103844;223.600000000;20
ROSN;0;20140425;103844;223.590000000;50
ROSN;0;20140425;103845;223.590000000;50
ROSN;0;20140425;103845;223.550000000;100
ROSN;0;20140425;103853;223.550000000;100
ROSN;0;20140425;103856;223.530000000;40
ROSN;0;20140425;103857;223.530000000;130
ROSN;0;20140425;103857;223.530000000;20
ROSN;0;20140425;103904;223.530000000;30
ROSN;0;20140425;103904;223.530000000;10
ROSN;0;20140425;103905;223.530000000;100
ROSN;0;20140425;103905;223.530000000;90
ROSN;0;20140425;103905;223.530000000;10
ROSN;0;20140425;103906;223.530000000;200
ROSN;0;20140425;103906;223.530000000;230
ROSN;0;20140425;103906;223.530000000;50
ROSN;0;20140425;103906;223.530000000;10
ROSN;0;20140425;103906;223.530000000;80
ROSN;0;20140425;103906;223.530000000;70
ROSN;0;20140425;103906;223.530000000;40
ROSN;0;20140425;103906;223.520000000;110
ROSN;0;20140425;103906;223.520000000;60
ROSN;0;20140425;103909;223.520000000;50
ROSN;0;20140425;103909;223.520000000;200
ROSN;0;20140425;103909;223.520000000;80
ROSN;0;20140425;103909;223.500000000;20
ROSN;0;20140425;103910;223.500000000;20
ROSN;0;20140425;103913;223.510000000;30
ROSN;0;20140425;103914;223.510000000;190
ROSN;0;20140425;103914;223.500000000;130
ROSN;0;20140425;103914;223.500000000;90
ROSN;0;20140425;103914;223.500000000;110
ROSN;0;20140425;103914;223.500000000;40
ROSN;0;20140425;103914;223.500000000;80
ROSN;0;20140425;103914;223.500000000;70
ROSN;0;20140425;103914;223.500000000;50
ROSN;0;20140425;103914;223.500000000;70
ROSN;0;20140425;103914;223.500000000;70
ROSN;0;20140425;103914;223.500000000;50
ROSN;0;20140425;103914;223.500000000;30
ROSN;0;20140425;103914;223.500000000;10
ROSN;0;20140425;103914;223.500000000;10
ROSN;0;20140425;103914;223.500000000;20
ROSN;0;20140425;103914;223.500000000;50
ROSN;0;20140425;103914;223.500000000;20
ROSN;0;20140425;103914;223.500000000;30
ROSN;0;20140425;103914;223.500000000;70
ROSN;0;20140425;103914;223.500000000;30
ROSN;0;20140425;103914;223.500000000;70
ROSN;0;20140425;103914;223.500000000;100
ROSN;0;20140425;103914;223.500000000;20
ROSN;0;20140425;103914;223.500000000;60
ROSN;0;20140425;103914;223.500000000;30
ROSN;0;20140425;103914;223.500000000;20
ROSN;0;20140425;103914;223.500000000;200
ROSN;0;20140425;103914;223.500000000;40
ROSN;0;20140425;103914;223.500000000;80
ROSN;0;20140425;103914;223.500000000;120
ROSN;0;20140425;103914;223.500000000;30
ROSN;0;20140425;103914;223.500000000;30
ROSN;0;20140425;103914;223.500000000;130
ROSN;0;20140425;103914;223.500000000;30
ROSN;0;20140425;103914;223.500000000;30
ROSN;0;20140425;103914;223.500000000;20
ROSN;0;20140425;103914;223.470000000;40
ROSN;0;20140425;103914;223.450000000;40
ROSN;0;20140425;103914;223.450000000;40
ROSN;0;20140425;103914;223.450000000;600
ROSN;0;20140425;103914;223.450000000;90
ROSN;0;20140425;103914;223.450000000;230
ROSN;0;20140425;103914;223.420000000;60
ROSN;0;20140425;103914;223.420000000;30
ROSN;0;20140425;103914;223.420000000;20
ROSN;0;20140425;103915;223.420000000;200
ROSN;0;20140425;103915;223.420000000;10
ROSN;0;20140425;103915;223.420000000;180
ROSN;0;20140425;103915;223.400000000;10
ROSN;0;20140425;103915;223.400000000;200
ROSN;0;20140425;103915;223.400000000;130
ROSN;0;20140425;103915;223.400000000;30
ROSN;0;20140425;103916;223.400000000;100
ROSN;0;20140425;103916;223.400000000;100
ROSN;0;20140425;103916;223.400000000;100
ROSN;0;20140425;103917;223.400000000;50
ROSN;0;20140425;103917;223.400000000;90
ROSN;0;20140425;103917;223.400000000;100
ROSN;0;20140425;103918;223.400000000;20
ROSN;0;20140425;103918;223.400000000;20
ROSN;0;20140425;103918;223.400000000;1000
ROSN;0;20140425;103918;223.400000000;50
ROSN;0;20140425;103918;223.400000000;30
ROSN;0;20140425;103918;223.370000000;20
ROSN;0;20140425;103918;223.360000000;50
ROSN;0;20140425;103919;223.340000000;150
ROSN;0;20140425;103919;223.330000000;10
ROSN;0;20140425;103923;223.330000000;40
ROSN;0;20140425;103923;223.330000000;10
ROSN;0;20140425;103923;223.330000000;550
ROSN;0;20140425;103924;223.320000000;100
ROSN;0;20140425;103924;223.320000000;70
ROSN;0;20140425;103926;223.320000000;160
ROSN;0;20140425;103929;223.330000000;30
ROSN;0;20140425;103929;223.330000000;30
ROSN;0;20140425;103930;223.320000000;10
ROSN;0;20140425;103930;223.320000000;40
ROSN;0;20140425;103930;223.320000000;10
ROSN;0;20140425;103930;223.320000000;30
ROSN;0;20140425;103931;223.320000000;20
ROSN;0;20140425;103933;223.320000000;20
ROSN;0;20140425;103938;223.410000000;20
ROSN;0;20140425;103941;223.340000000;100
ROSN;0;20140425;104003;223.410000000;200
ROSN;0;20140425;104034;223.410000000;100
ROSN;0;20140425;104036;223.340000000;10
ROSN;0;20140425;104039;223.410000000;10
ROSN;0;20140425;104039;223.410000000;10
ROSN;0;20140425;104044;223.410000000;20
ROSN;0;20140425;104044;223.410000000;20
ROSN;0;20140425;104044;223.500000000;40
ROSN;0;20140425;104050;223.360000000;100
ROSN;0;20140425;104055;223.340000000;70
ROSN;0;20140425;104103;223.340000000;10
ROSN;0;20140425;104103;223.340000000;10
ROSN;0;20140425;104103;223.340000000;100
ROSN;0;20140425;104103;223.340000000;100
ROSN;0;20140425;104103;223.320000000;100
ROSN;0;20140425;104103;223.320000000;20
ROSN;0;20140425;104103;223.320000000;200
ROSN;0;20140425;104103;223.320000000;100
ROSN;0;20140425;104104;223.320000000;100
ROSN;0;20140425;104104;223.320000000;100
ROSN;0;20140425;104104;223.320000000;980
ROSN;0;20140425;104104;223.320000000;40
ROSN;0;20140425;104104;223.310000000;10
ROSN;0;20140425;104104;223.310000000;60
ROSN;0;20140425;104104;223.310000000;300
ROSN;0;20140425;104104;223.310000000;70
ROSN;0;20140425;104104;223.310000000;30
ROSN;0;20140425;104104;223.310000000;40
ROSN;0;20140425;104104;223.300000000;60
ROSN;0;20140425;104104;223.300000000;100
ROSN;0;20140425;104104;223.300000000;200
ROSN;0;20140425;104104;223.300000000;80
ROSN;0;20140425;104104;223.300000000;20
ROSN;0;20140425;104104;223.300000000;20
ROSN;0;20140425;104104;223.300000000;300
ROSN;0;20140425;104104;223.300000000;100
ROSN;0;20140425;104104;223.300000000;30
ROSN;0;20140425;104104;223.300000000;10
ROSN;0;20140425;104104;223.300000000;20
ROSN;0;20140425;104104;223.300000000;60
ROSN;0;20140425;104104;223.300000000;40
ROSN;0;20140425;104104;223.300000000;20
ROSN;0;20140425;104105;223.300000000;40
ROSN;0;20140425;104105;223.270000000;10
ROSN;0;20140425;104105;223.280000000;100
ROSN;0;20140425;104105;223.280000000;300
ROSN;0;20140425;104105;223.270000000;200
ROSN;0;20140425;104105;223.270000000;100
ROSN;0;20140425;104105;223.270000000;100
ROSN;0;20140425;104105;223.270000000;60
ROSN;0;20140425;104105;223.270000000;100
ROSN;0;20140425;104105;223.270000000;30
ROSN;0;20140425;104105;223.270000000;10
ROSN;0;20140425;104105;223.240000000;100
ROSN;0;20140425;104105;223.230000000;50
ROSN;0;20140425;104105;223.220000000;70
ROSN;0;20140425;104105;223.220000000;10
ROSN;0;20140425;104105;223.220000000;50
ROSN;0;20140425;104105;223.210000000;20
ROSN;0;20140425;104106;223.210000000;30
ROSN;0;20140425;104106;223.210000000;10
ROSN;0;20140425;104106;223.210000000;50
ROSN;0;20140425;104106;223.200000000;10
ROSN;0;20140425;104106;223.200000000;30
ROSN;0;20140425;104107;223.200000000;160
ROSN;0;20140425;104108;223.200000000;60
ROSN;0;20140425;104108;223.200000000;10
ROSN;0;20140425;104111;223.310000000;100
ROSN;0;20140425;104116;223.200000000;90
ROSN;0;20140425;104116;223.180000000;90
ROSN;0;20140425;104116;223.170000000;120
ROSN;0;20140425;104116;223.170000000;100
ROSN;0;20140425;104125;223.180000000;10
ROSN;0;20140425;104125;223.170000000;90
ROSN;0;20140425;104125;223.170000000;160
ROSN;0;20140425;104132;223.170000000;100
ROSN;0;20140425;104133;223.170000000;100
ROSN;0;20140425;104133;223.170000000;100
ROSN;0;20140425;104134;223.170000000;30
ROSN;0;20140425;104134;223.170000000;100
ROSN;0;20140425;104134;223.160000000;20
ROSN;0;20140425;104134;223.140000000;10
ROSN;0;20140425;104134;223.120000000;10
ROSN;0;20140425;104135;223.120000000;190
ROSN;0;20140425;104135;223.110000000;10
ROSN;0;20140425;104135;223.110000000;100
ROSN;0;20140425;104135;223.110000000;350
ROSN;0;20140425;104135;223.100000000;10
ROSN;0;20140425;104135;223.100000000;100
ROSN;0;20140425;104135;223.100000000;50
ROSN;0;20140425;104135;223.100000000;10
ROSN;0;20140425;104135;223.100000000;130
ROSN;0;20140425;104135;223.100000000;50
ROSN;0;20140425;104135;223.140000000;10
ROSN;0;20140425;104135;223.090000000;170
ROSN;0;20140425;104135;223.090000000;20
ROSN;0;20140425;104135;223.090000000;20
ROSN;0;20140425;104135;223.160000000;1000
ROSN;0;20140425;104135;223.090000000;290
ROSN;0;20140425;104135;223.060000000;30
ROSN;0;20140425;104135;223.060000000;20
ROSN;0;20140425;104135;223.060000000;100
ROSN;0;20140425;104136;223.040000000;10
ROSN;0;20140425;104136;223.040000000;220
ROSN;0;20140425;104136;223.040000000;80
ROSN;0;20140425;104136;223.030000000;20
ROSN;0;20140425;104136;223.020000000;10
ROSN;0;20140425;104139;223.020000000;10
ROSN;0;20140425;104139;223.020000000;90
ROSN;0;20140425;104139;223.020000000;200
ROSN;0;20140425;104140;223.020000000;100
ROSN;0;20140425;104149;223.030000000;1100
ROSN;0;20140425;104218;223.030000000;30
ROSN;0;20140425;104258;223.100000000;10
ROSN;0;20140425;104349;223.100000000;10
ROSN;0;20140425;104349;223.100000000;240
ROSN;0;20140425;104349;223.100000000;100
ROSN;0;20140425;104349;223.100000000;50
ROSN;0;20140425;104349;223.100000000;30
ROSN;0;20140425;104353;223.100000000;50
ROSN;0;20140425;104356;223.100000000;20
ROSN;0;20140425;104413;223.060000000;50
ROSN;0;20140425;104413;223.060000000;10
ROSN;0;20140425;104413;223.050000000;200
ROSN;0;20140425;104417;223.030000000;200
ROSN;0;20140425;104420;223.030000000;400
ROSN;0;20140425;104420;223.030000000;860
ROSN;0;20140425;104420;223.030000000;100
ROSN;0;20140425;104421;223.030000000;100
ROSN;0;20140425;104423;223.030000000;50
ROSN;0;20140425;104424;223.030000000;200
ROSN;0;20140425;104430;223.030000000;90
ROSN;0;20140425;104430;223.030000000;20
ROSN;0;20140425;104430;223.020000000;110
ROSN;0;20140425;104430;223.020000000;50
ROSN;0;20140425;104430;223.020000000;120
ROSN;0;20140425;104432;223.030000000;10
ROSN;0;20140425;104439;223.050000000;400
ROSN;0;20140425;104441;223.020000000;30
ROSN;0;20140425;104443;223.090000000;210
ROSN;0;20140425;104443;223.090000000;160
ROSN;0;20140425;104443;223.090000000;360
ROSN;0;20140425;104443;223.090000000;130
ROSN;0;20140425;104443;223.090000000;50
ROSN;0;20140425;104443;223.090000000;10
ROSN;0;20140425;104450;223.150000000;10
ROSN;0;20140425;104450;223.150000000;10
ROSN;0;20140425;104451;223.150000000;80
ROSN;0;20140425;104451;223.160000000;280
ROSN;0;20140425;104451;223.160000000;360
ROSN;0;20140425;104451;223.160000000;220
ROSN;0;20140425;104451;223.160000000;990
ROSN;0;20140425;104451;223.160000000;30
ROSN;0;20140425;104451;223.160000000;600
ROSN;0;20140425;104451;223.160000000;120
ROSN;0;20140425;104451;223.160000000;10
ROSN;0;20140425;104451;223.160000000;200
ROSN;0;20140425;104451;223.160000000;70
ROSN;0;20140425;104451;223.160000000;1320
ROSN;0;20140425;104452;223.160000000;180
ROSN;0;20140425;104452;223.160000000;100
ROSN;0;20140425;104452;223.160000000;200
ROSN;0;20140425;104452;223.160000000;100
ROSN;0;20140425;104452;223.160000000;100
ROSN;0;20140425;104452;223.160000000;90
ROSN;0;20140425;104452;223.100000000;70
ROSN;0;20140425;104453;223.160000000;100
ROSN;0;20140425;104454;223.160000000;10
ROSN;0;20140425;104500;223.160000000;10
ROSN;0;20140425;104500;223.160000000;10
ROSN;0;20140425;104502;223.160000000;10
ROSN;0;20140425;104510;223.110000000;20
ROSN;0;20140425;104510;223.100000000;170
ROSN;0;20140425;104516;223.110000000;10
ROSN;0;20140425;104516;223.110000000;90
ROSN;0;20140425;104523;223.100000000;200
ROSN;0;20140425;104528;223.110000000;10
ROSN;0;20140425;104529;223.110000000;10
ROSN;0;20140425;104530;223.110000000;80
ROSN;0;20140425;104533;223.100000000;450
ROSN;0;20140425;104554;223.150000000;60
ROSN;0;20140425;104555;223.150000000;40
ROSN;0;20140425;104555;223.160000000;60
ROSN;0;20140425;104604;223.100000000;10
ROSN;0;20140425;104604;223.100000000;10
ROSN;0;20140425;104606;223.100000000;140
ROSN;0;20140425;104606;223.100000000;100
ROSN;0;20140425;104606;223.100000000;270
ROSN;0;20140425;104606;223.100000000;10
ROSN;0;20140425;104606;223.100000000;60
ROSN;0;20140425;104606;223.100000000;40
ROSN;0;20140425;104606;223.100000000;20
ROSN;0;20140425;104606;223.100000000;40
ROSN;0;20140425;104606;223.100000000;140
ROSN;0;20140425;104606;223.100000000;180
ROSN;0;20140425;104606;223.100000000;50
ROSN;0;20140425;104607;223.100000000;360
ROSN;0;20140425;104607;223.100000000;30
ROSN;0;20140425;104607;223.100000000;4030
ROSN;0;20140425;104607;223.100000000;340
ROSN;0;20140425;104607;223.100000000;190
ROSN;0;20140425;104607;223.100000000;20
ROSN;0;20140425;104607;223.100000000;4030
ROSN;0;20140425;104607;223.100000000;770
ROSN;0;20140425;104607;223.090000000;10
ROSN;0;20140425;104608;223.070000000;50
ROSN;0;20140425;104610;223.040000000;20
ROSN;0;20140425;104610;223.040000000;30
ROSN;0;20140425;104612;223.040000000;50
ROSN;0;20140425;104612;223.030000000;20
ROSN;0;20140425;104612;223.030000000;300
ROSN;0;20140425;104615;223.030000000;30
ROSN;0;20140425;104616;223.030000000;100
ROSN;0;20140425;104647;223.030000000;10
ROSN;0;20140425;104648;223.030000000;30
ROSN;0;20140425;104648;223.030000000;460
ROSN;0;20140425;104648;223.020000000;650
ROSN;0;20140425;104648;223.020000000;500
ROSN;0;20140425;104648;223.020000000;20
ROSN;0;20140425;104648;223.020000000;10
ROSN;0;20140425;104648;223.010000000;20
ROSN;0;20140425;104648;223.010000000;10
ROSN;0;20140425;104648;223.010000000;10
ROSN;0;20140425;104648;223.010000000;10
ROSN;0;20140425;104648;223.010000000;100
ROSN;0;20140425;104648;223.010000000;3150
ROSN;0;20140425;104648;223.010000000;560
ROSN;0;20140425;104648;223.010000000;20
ROSN;0;20140425;104649;223.010000000;1270
ROSN;0;20140425;104649;223.010000000;70
ROSN;0;20140425;104649;223.010000000;1050
ROSN;0;20140425;104649;223.010000000;10
ROSN;0;20140425;104649;223.010000000;400
ROSN;0;20140425;104649;223.010000000;100
ROSN;0;20140425;104649;223.010000000;50
ROSN;0;20140425;104649;223.010000000;30
ROSN;0;20140425;104649;223.010000000;170
ROSN;0;20140425;104649;223.010000000;20
ROSN;0;20140425;104649;223.010000000;40
ROSN;0;20140425;104649;223.010000000;40
ROSN;0;20140425;104649;223.010000000;60
ROSN;0;20140425;104649;223.010000000;50
ROSN;0;20140425;104649;223.010000000;100
ROSN;0;20140425;104649;223.010000000;10
ROSN;0;20140425;104649;223.010000000;10
ROSN;0;20140425;104649;223.010000000;300
ROSN;0;20140425;104649;223.010000000;70
ROSN;0;20140425;104649;223.010000000;20
ROSN;0;20140425;104649;223.010000000;30
ROSN;0;20140425;104649;223.010000000;20
ROSN;0;20140425;104649;223.010000000;400
ROSN;0;20140425;104649;223.010000000;10
ROSN;0;20140425;104649;223.010000000;10
ROSN;0;20140425;104649;223.000000000;10
ROSN;0;20140425;104649;223.000000000;10
ROSN;0;20140425;104649;223.000000000;70
ROSN;0;20140425;104649;223.000000000;200
ROSN;0;20140425;104649;223.000000000;100
ROSN;0;20140425;104649;223.000000000;200
ROSN;0;20140425;104650;223.000000000;60
ROSN;0;20140425;104650;223.000000000;20
ROSN;0;20140425;104650;223.000000000;600
ROSN;0;20140425;104650;223.000000000;30
ROSN;0;20140425;104650;223.010000000;10
ROSN;0;20140425;104651;223.000000000;40
ROSN;0;20140425;104651;223.020000000;100
ROSN;0;20140425;104651;223.000000000;90
ROSN;0;20140425;104651;223.000000000;10
ROSN;0;20140425;104651;223.000000000;10
ROSN;0;20140425;104651;223.000000000;90
ROSN;0;20140425;104651;223.000000000;10
ROSN;0;20140425;104651;223.000000000;190
ROSN;0;20140425;104652;223.020000000;100
ROSN;0;20140425;104701;223.000000000;100
ROSN;0;20140425;104706;223.010000000;2000
ROSN;0;20140425;104832;223.030000000;10
ROSN;0;20140425;104832;223.030000000;10
ROSN;0;20140425;104836;223.120000000;100
ROSN;0;20140425;105021;223.120000000;30
ROSN;0;20140425;105021;223.120000000;10
ROSN;0;20140425;105024;223.140000000;120
ROSN;0;20140425;105026;223.050000000;10
ROSN;0;20140425;105026;223.050000000;80
ROSN;0;20140425;105035;223.030000000;100
ROSN;0;20140425;105111;223.120000000;200
ROSN;0;20140425;105111;223.140000000;10
ROSN;0;20140425;105111;223.140000000;470
ROSN;0;20140425;105111;223.150000000;910
ROSN;0;20140425;105111;223.160000000;70
ROSN;0;20140425;105111;223.150000000;10
ROSN;0;20140425;105111;223.160000000;30
ROSN;0;20140425;105111;223.160000000;90
ROSN;0;20140425;105112;223.160000000;600
ROSN;0;20140425;105112;223.160000000;170
ROSN;0;20140425;105112;223.160000000;790
ROSN;0;20140425;105122;223.160000000;50
ROSN;0;20140425;105131;223.160000000;40
ROSN;0;20140425;105131;223.160000000;70
ROSN;0;20140425;105131;223.160000000;100
ROSN;0;20140425;105131;223.160000000;460
ROSN;0;20140425;105131;223.160000000;1230
ROSN;0;20140425;105131;223.160000000;50
ROSN;0;20140425;105131;223.160000000;10
ROSN;0;20140425;105131;223.160000000;50
ROSN;0;20140425;105131;223.160000000;40
ROSN;0;20140425;105131;223.160000000;200
ROSN;0;20140425;105131;223.160000000;600
ROSN;0;20140425;105132;223.160000000;1000
ROSN;0;20140425;105132;223.160000000;270
ROSN;0;20140425;105132;223.160000000;140
ROSN;0;20140425;105132;223.160000000;140
ROSN;0;20140425;105132;223.160000000;10
ROSN;0;20140425;105132;223.160000000;10
ROSN;0;20140425;105132;223.160000000;90
ROSN;0;20140425;105132;223.160000000;40
ROSN;0;20140425;105132;223.160000000;150
ROSN;0;20140425;105132;223.160000000;110
ROSN;0;20140425;105132;223.160000000;110
ROSN;0;20140425;105132;223.160000000;1000
ROSN;0;20140425;105132;223.160000000;290
ROSN;0;20140425;105132;223.160000000;100
ROSN;0;20140425;105132;223.160000000;300
ROSN;0;20140425;105132;223.160000000;2900
ROSN;0;20140425;105152;223.450000000;10
ROSN;0;20140425;105152;223.450000000;50
ROSN;0;20140425;105153;223.450000000;10
ROSN;0;20140425;105232;223.320000000;100
ROSN;0;20140425;105232;223.320000000;10
ROSN;0;20140425;105235;223.300000000;40
ROSN;0;20140425;105239;223.300000000;50
ROSN;0;20140425;105248;223.310000000;100
ROSN;0;20140425;105248;223.260000000;30
ROSN;0;20140425;105253;223.310000000;900
ROSN;0;20140425;105307;223.250000000;40
ROSN;0;20140425;105318;223.250000000;20
ROSN;0;20140425;105318;223.250000000;10
ROSN;0;20140425;105325;223.130000000;40
ROSN;0;20140425;105344;223.130000000;10
ROSN;0;20140425;105344;223.120000000;50
ROSN;0;20140425;105344;223.120000000;40
ROSN;0;20140425;105344;223.120000000;90
ROSN;0;20140425;105345;223.120000000;70
ROSN;0;20140425;105345;223.120000000;670
ROSN;0;20140425;105345;223.110000000;260
ROSN;0;20140425;105418;223.230000000;100
ROSN;0;20140425;105431;223.200000000;10
ROSN;0;20140425;105445;223.140000000;50
ROSN;0;20140425;105446;223.140000000;40
ROSN;0;20140425;105447;223.140000000;260
ROSN;0;20140425;105457;223.190000000;100
ROSN;0;20140425;105457;223.190000000;170
ROSN;0;20140425;105457;223.180000000;30
ROSN;0;20140425;105509;223.290000000;10
ROSN;0;20140425;105509;223.290000000;10
ROSN;0;20140425;105509;223.320000000;30
ROSN;0;20140425;105509;223.320000000;100
ROSN;0;20140425;105509;223.320000000;90
ROSN;0;20140425;105509;223.320000000;100
ROSN;0;20140425;105509;223.320000000;90
ROSN;0;20140425;105509;223.320000000;90
ROSN;0;20140425;105509;223.320000000;80
ROSN;0;20140425;105509;223.320000000;80
ROSN;0;20140425;105509;223.380000000;600
ROSN;0;20140425;105510;223.430000000;10
ROSN;0;20140425;105521;223.480000000;230
ROSN;0;20140425;105521;223.480000000;30
ROSN;0;20140425;105521;223.480000000;20
ROSN;0;20140425;105521;223.480000000;10
ROSN;0;20140425;105521;223.480000000;30
ROSN;0;20140425;105521;223.480000000;60
ROSN;0;20140425;105521;223.480000000;100
ROSN;0;20140425;105521;223.480000000;60
ROSN;0;20140425;105521;223.480000000;20
ROSN;0;20140425;105521;223.480000000;200
ROSN;0;20140425;105521;223.480000000;30
ROSN;0;20140425;105521;223.480000000;60
ROSN;0;20140425;105521;223.480000000;30
ROSN;0;20140425;105521;223.480000000;10
ROSN;0;20140425;105521;223.490000000;100
ROSN;0;20140425;105521;223.500000000;100
ROSN;0;20140425;105521;223.500000000;90
ROSN;0;20140425;105521;223.480000000;10
ROSN;0;20140425;105521;223.500000000;40
ROSN;0;20140425;105521;223.500000000;20
ROSN;0;20140425;105521;223.580000000;50
ROSN;0;20140425;105521;223.600000000;80
ROSN;0;20140425;105521;223.600000000;20
ROSN;0;20140425;105522;223.600000000;250
ROSN;0;20140425;105522;223.650000000;430
ROSN;0;20140425;105522;223.650000000;180
ROSN;0;20140425;105522;223.650000000;390
ROSN;0;20140425;105522;223.680000000;20
ROSN;0;20140425;105522;223.680000000;20
ROSN;0;20140425;105522;223.680000000;10
ROSN;0;20140425;105522;223.660000000;10
ROSN;0;20140425;105522;223.680000000;20
ROSN;0;20140425;105522;223.680000000;30
ROSN;0;20140425;105522;223.680000000;60
ROSN;0;20140425;105522;223.700000000;30
ROSN;0;20140425;105522;223.700000000;30
ROSN;0;20140425;105545;223.700000000;1000
ROSN;0;20140425;105617;223.530000000;100
ROSN;0;20140425;105626;223.690000000;10
ROSN;0;20140425;105634;223.530000000;200
ROSN;0;20140425;105634;223.530000000;200
ROSN;0;20140425;105637;223.530000000;100
ROSN;0;20140425;105638;223.630000000;10
ROSN;0;20140425;105638;223.530000000;100
ROSN;0;20140425;105638;223.530000000;360
ROSN;0;20140425;105639;223.500000000;50
ROSN;0;20140425;105639;223.500000000;450
ROSN;0;20140425;105701;223.630000000;100
ROSN;0;20140425;105701;223.640000000;400
ROSN;0;20140425;105709;223.670000000;20
ROSN;0;20140425;105751;223.530000000;180
ROSN;0;20140425;105751;223.490000000;10
ROSN;0;20140425;105751;223.450000000;20
ROSN;0;20140425;105751;223.450000000;180
ROSN;0;20140425;105751;223.230000000;100
ROSN;0;20140425;105751;223.230000000;300
ROSN;0;20140425;105754;223.240000000;100
ROSN;0;20140425;105756;223.230000000;100
ROSN;0;20140425;105756;223.230000000;100
ROSN;0;20140425;105808;223.420000000;20
ROSN;0;20140425;105848;223.490000000;30
ROSN;0;20140425;105949;223.400000000;100
ROSN;0;20140425;105954;223.490000000;20
ROSN;0;20140425;110000;223.490000000;80
ROSN;0;20140425;110000;223.500000000;100
ROSN;0;20140425;110000;223.520000000;590
ROSN;0;20140425;110000;223.530000000;1940
ROSN;0;20140425;110000;223.380000000;20
ROSN;0;20140425;110000;223.370000000;800
ROSN;0;20140425;110000;223.520000000;800
ROSN;0;20140425;110000;223.530000000;1880
ROSN;0;20140425;110000;223.510000000;40
ROSN;0;20140425;110000;223.510000000;90
ROSN;0;20140425;110000;223.510000000;320
ROSN;0;20140425;110000;223.470000000;350
ROSN;0;20140425;110000;223.370000000;900
ROSN;0;20140425;110000;223.370000000;10
ROSN;0;20140425;110000;223.360000000;400
ROSN;0;20140425;110000;223.360000000;600
ROSN;0;20140425;110000;223.290000000;400
ROSN;0;20140425;110000;223.410000000;320
ROSN;0;20140425;110000;223.290000000;300
ROSN;0;20140425;110001;223.310000000;80
ROSN;0;20140425;110001;223.310000000;70
ROSN;0;20140425;110001;223.310000000;70
ROSN;0;20140425;110001;223.310000000;70
ROSN;0;20140425;110001;223.310000000;100
ROSN;0;20140425;110001;223.240000000;30
ROSN;0;20140425;110001;223.240000000;40
ROSN;0;20140425;110001;223.260000000;30
ROSN;0;20140425;110002;223.230000000;10
ROSN;0;20140425;110002;223.190000000;220
ROSN;0;20140425;110002;223.190000000;170
ROSN;0;20140425;110002;223.190000000;10
ROSN;0;20140425;110002;223.190000000;20
ROSN;0;20140425;110002;223.190000000;20
ROSN;0;20140425;110002;223.190000000;60
ROSN;0;20140425;110002;223.190000000;40
ROSN;0;20140425;110002;223.190000000;50
ROSN;0;20140425;110003;223.190000000;110
ROSN;0;20140425;110003;223.190000000;10
ROSN;0;20140425;110003;223.190000000;10
ROSN;0;20140425;110003;223.190000000;160
ROSN;0;20140425;110003;223.190000000;40
ROSN;0;20140425;110003;223.190000000;20
ROSN;0;20140425;110003;223.190000000;30
ROSN;0;20140425;110003;223.190000000;200
ROSN;0;20140425;110003;223.190000000;290
ROSN;0;20140425;110003;223.190000000;2000
ROSN;0;20140425;110003;223.130000000;10
ROSN;0;20140425;110003;223.130000000;10
ROSN;0;20140425;110003;223.130000000;40
ROSN;0;20140425;110003;223.190000000;290
ROSN;0;20140425;110003;223.240000000;1210
ROSN;0;20140425;110027;223.140000000;100
ROSN;0;20140425;110027;223.140000000;40
ROSN;0;20140425;110040;223.340000000;100
ROSN;0;20140425;110045;223.340000000;250
ROSN;0;20140425;110048;223.410000000;100
ROSN;0;20140425;110048;223.460000000;910
ROSN;0;20140425;110048;223.460000000;150
ROSN;0;20140425;110048;223.460000000;50
ROSN;0;20140425;110053;223.510000000;10
ROSN;0;20140425;110053;223.520000000;590
ROSN;0;20140425;110057;223.460000000;10
ROSN;0;20140425;110101;223.510000000;20
ROSN;0;20140425;110101;223.510000000;80
ROSN;0;20140425;110101;223.520000000;160
ROSN;0;20140425;110101;223.520000000;210
ROSN;0;20140425;110101;223.520000000;410
ROSN;0;20140425;110101;223.520000000;290
ROSN;0;20140425;110101;223.520000000;70
ROSN;0;20140425;110101;223.520000000;10
ROSN;0;20140425;110109;223.530000000;1700
ROSN;0;20140425;110109;223.530000000;480
ROSN;0;20140425;110109;223.530000000;140
ROSN;0;20140425;110109;223.530000000;100
ROSN;0;20140425;110110;223.530000000;100
ROSN;0;20140425;110114;223.530000000;20
ROSN;0;20140425;110115;223.500000000;250
ROSN;0;20140425;110115;223.500000000;220
ROSN;0;20140425;110115;223.500000000;580
ROSN;0;20140425;110117;223.530000000;200
ROSN;0;20140425;110117;223.530000000;30
ROSN;0;20140425;110117;223.530000000;200
ROSN;0;20140425;110119;223.530000000;500
ROSN;0;20140425;110130;223.530000000;2530
ROSN;0;20140425;110130;223.610000000;770
ROSN;0;20140425;110135;223.580000000;10
ROSN;0;20140425;110135;223.550000000;40
ROSN;0;20140425;110143;223.660000000;100
ROSN;0;20140425;110143;223.690000000;300
ROSN;0;20140425;110148;223.570000000;20
ROSN;0;20140425;110148;223.570000000;200
ROSN;0;20140425;110148;223.570000000;690
ROSN;0;20140425;110148;223.570000000;190
ROSN;0;20140425;110148;223.560000000;10
ROSN;0;20140425;110148;223.550000000;300
ROSN;0;20140425;110148;223.550000000;210
ROSN;0;20140425;110148;223.550000000;1090
ROSN;0;20140425;110148;223.540000000;400
ROSN;0;20140425;110148;223.540000000;570
ROSN;0;20140425;110148;223.540000000;170
ROSN;0;20140425;110149;223.580000000;20
ROSN;0;20140425;110153;223.510000000;50
ROSN;0;20140425;110153;223.510000000;200
ROSN;0;20140425;110153;223.510000000;170
ROSN;0;20140425;110153;223.510000000;50
ROSN;0;20140425;110154;223.510000000;520
ROSN;0;20140425;110154;223.500000000;20
ROSN;0;20140425;110154;223.460000000;10
ROSN;0;20140425;110154;223.460000000;10
ROSN;0;20140425;110154;223.450000000;3000
ROSN;0;20140425;110154;223.460000000;440
ROSN;0;20140425;110154;223.600000000;60
ROSN;0;20140425;110155;223.440000000;10
ROSN;0;20140425;110155;223.440000000;40
ROSN;0;20140425;110157;223.460000000;40
ROSN;0;20140425;110158;223.590000000;150
ROSN;0;20140425;110158;223.590000000;20
ROSN;0;20140425;110158;223.600000000;30
ROSN;0;20140425;110214;223.470000000;120
ROSN;0;20140425;110214;223.460000000;40
ROSN;0;20140425;110214;223.450000000;240
ROSN;0;20140425;110216;223.460000000;10
ROSN;0;20140425;110216;223.450000000;80
ROSN;0;20140425;110223;223.380000000;90
ROSN;0;20140425;110223;223.370000000;90
ROSN;0;20140425;110226;223.370000000;80
ROSN;0;20140425;110227;223.310000000;40
ROSN;0;20140425;110228;223.330000000;40
ROSN;0;20140425;110239;223.590000000;120
ROSN;0;20140425;110239;223.600000000;910
ROSN;0;20140425;110239;223.610000000;460
ROSN;0;20140425;110245;223.520000000;90
ROSN;0;20140425;110247;223.520000000;40
ROSN;0;20140425;110253;223.700000000;250
ROSN;0;20140425;110253;223.700000000;100
ROSN;0;20140425;110253;223.750000000;130
ROSN;0;20140425;110253;223.760000000;2170
ROSN;0;20140425;110253;223.770000000;370
ROSN;0;20140425;110253;223.770000000;2170
ROSN;0;20140425;110253;223.790000000;50
ROSN;0;20140425;110253;223.790000000;500
ROSN;0;20140425;110253;223.800000000;200
ROSN;0;20140425;110253;223.800000000;100
ROSN;0;20140425;110253;223.870000000;490
ROSN;0;20140425;110253;223.890000000;100
ROSN;0;20140425;110253;223.920000000;1590
ROSN;0;20140425;110253;223.920000000;4410
ROSN;0;20140425;110253;223.930000000;100
ROSN;0;20140425;110253;223.940000000;1490
ROSN;0;20140425;110253;223.940000000;4880
ROSN;0;20140425;110253;223.760000000;10
ROSN;0;20140425;110253;223.840000000;80
ROSN;0;20140425;110253;223.940000000;2620
ROSN;0;20140425;110253;223.930000000;90
ROSN;0;20140425;110253;223.940000000;30
ROSN;0;20140425;110253;223.940000000;2980
ROSN;0;20140425;110253;223.990000000;50
ROSN;0;20140425;110253;223.790000000;170
ROSN;0;20140425;110253;223.990000000;250
ROSN;0;20140425;110253;224.000000000;100
ROSN;0;20140425;110253;224.000000000;400
ROSN;0;20140425;110253;224.000000000;220
ROSN;0;20140425;110253;224.000000000;200
ROSN;0;20140425;110253;224.040000000;200
ROSN;0;20140425;110253;224.010000000;200
ROSN;0;20140425;110253;224.010000000;100
ROSN;0;20140425;110253;224.100000000;200
ROSN;0;20140425;110253;224.160000000;230
ROSN;0;20140425;110253;224.170000000;80
ROSN;0;20140425;110253;223.760000000;340
ROSN;0;20140425;110253;223.980000000;90
ROSN;0;20140425;110253;224.170000000;20
ROSN;0;20140425;110253;224.220000000;50
ROSN;0;20140425;110253;224.240000000;240
ROSN;0;20140425;110253;224.220000000;90
ROSN;0;20140425;110253;224.230000000;310
ROSN;0;20140425;110253;224.220000000;10
ROSN;0;20140425;110253;224.250000000;390
ROSN;0;20140425;110253;223.760000000;340
ROSN;0;20140425;110253;224.240000000;200
ROSN;0;20140425;110253;224.030000000;120
ROSN;0;20140425;110253;223.790000000;90
ROSN;0;20140425;110254;224.000000000;220
ROSN;0;20140425;110254;224.110000000;280
ROSN;0;20140425;110254;224.090000000;330
ROSN;0;20140425;110254;224.100000000;3000
ROSN;0;20140425;110254;224.110000000;170
ROSN;0;20140425;110254;224.240000000;200
ROSN;0;20140425;110254;224.250000000;340
ROSN;0;20140425;110254;224.240000000;190
ROSN;0;20140425;110254;224.240000000;690
ROSN;0;20140425;110254;224.250000000;270
ROSN;0;20140425;110254;224.250000000;140
ROSN;0;20140425;110254;224.240000000;800
ROSN;0;20140425;110254;224.240000000;1000
ROSN;0;20140425;110254;224.000000000;40
ROSN;0;20140425;110254;223.970000000;40
ROSN;0;20140425;110254;224.210000000;40
ROSN;0;20140425;110254;224.210000000;60
ROSN;0;20140425;110254;223.970000000;440
ROSN;0;20140425;110254;223.970000000;460
ROSN;0;20140425;110254;223.890000000;200
ROSN;0;20140425;110254;223.880000000;340
ROSN;0;20140425;110254;224.090000000;10
ROSN;0;20140425;110254;224.080000000;20
ROSN;0;20140425;110254;224.060000000;1570
ROSN;0;20140425;110254;224.060000000;1430
ROSN;0;20140425;110254;224.050000000;60
ROSN;0;20140425;110254;224.050000000;60
ROSN;0;20140425;110254;223.980000000;3000
ROSN;0;20140425;110254;223.900000000;1440
ROSN;0;20140425;110254;224.260000000;200
ROSN;0;20140425;110254;224.270000000;830
ROSN;0;20140425;110254;224.270000000;80
ROSN;0;20140425;110254;224.280000000;2830
ROSN;0;20140425;110254;224.300000000;100
ROSN;0;20140425;110254;224.300000000;20
ROSN;0;20140425;110254;224.320000000;400
ROSN;0;20140425;110254;224.340000000;450
ROSN;0;20140425;110254;224.400000000;720
ROSN;0;20140425;110254;224.390000000;10
ROSN;0;20140425;110254;224.400000000;190
ROSN;0;20140425;110254;224.400000000;300
ROSN;0;20140425;110254;224.280000000;300
ROSN;0;20140425;110254;224.280000000;150
ROSN;0;20140425;110254;224.300000000;250
ROSN;0;20140425;110255;224.030000000;120
ROSN;0;20140425;110255;224.030000000;200
ROSN;0;20140425;110255;223.990000000;910
ROSN;0;20140425;110256;224.180000000;400
ROSN;0;20140425;110256;224.180000000;1600
ROSN;0;20140425;110256;224.220000000;800
ROSN;0;20140425;110256;224.230000000;100
ROSN;0;20140425;110256;224.130000000;500
ROSN;0;20140425;110256;224.290000000;120
ROSN;0;20140425;110256;224.300000000;200
ROSN;0;20140425;110256;224.300000000;10
ROSN;0;20140425;110256;224.340000000;450
ROSN;0;20140425;110256;224.400000000;220
ROSN;0;20140425;110256;224.320000000;400
ROSN;0;20140425;110256;224.320000000;100
ROSN;0;20140425;110256;224.200000000;1780
ROSN;0;20140425;110256;224.130000000;600
ROSN;0;20140425;110256;224.070000000;100
ROSN;0;20140425;110256;224.060000000;580
ROSN;0;20140425;110256;224.310000000;3000
ROSN;0;20140425;110256;224.320000000;100
ROSN;0;20140425;110256;224.390000000;570
ROSN;0;20140425;110256;224.400000000;690
ROSN;0;20140425;110256;224.390000000;10
ROSN;0;20140425;110256;224.410000000;1000
ROSN;0;20140425;110258;224.420000000;100
ROSN;0;20140425;110258;224.420000000;200
ROSN;0;20140425;110258;224.420000000;100
ROSN;0;20140425;110258;224.430000000;100
ROSN;0;20140425;110259;224.140000000;100
ROSN;0;20140425;110300;224.140000000;500
ROSN;0;20140425;110301;224.140000000;90
ROSN;0;20140425;110302;224.140000000;40
ROSN;0;20140425;110302;224.260000000;100
ROSN;0;20140425;110302;224.270000000;620
ROSN;0;20140425;110302;224.290000000;270
ROSN;0;20140425;110302;224.150000000;40
ROSN;0;20140425;110304;224.250000000;10
ROSN;0;20140425;110304;224.260000000;40
ROSN;0;20140425;110304;224.270000000;200
ROSN;0;20140425;110304;224.270000000;250
ROSN;0;20140425;110304;224.350000000;250
ROSN;0;20140425;110305;224.420000000;90
ROSN;0;20140425;110305;224.190000000;100
ROSN;0;20140425;110308;224.310000000;200
ROSN;0;20140425;110312;224.310000000;100
ROSN;0;20140425;110314;224.430000000;100
ROSN;0;20140425;110314;224.450000000;100
ROSN;0;20140425;110315;224.340000000;100
ROSN;0;20140425;110317;224.330000000;40
ROSN;0;20140425;110320;224.430000000;330
ROSN;0;20140425;110320;224.430000000;170
ROSN;0;20140425;110320;224.440000000;10
ROSN;0;20140425;110320;224.440000000;80
ROSN;0;20140425;110320;224.440000000;410
ROSN;0;20140425;110323;224.420000000;200
ROSN;0;20140425;110324;224.370000000;300
ROSN;0;20140425;110327;224.380000000;910
ROSN;0;20140425;110327;224.380000000;20
ROSN;0;20140425;110327;224.370000000;2870
ROSN;0;20140425;110327;224.380000000;10
ROSN;0;20140425;110327;224.370000000;10
ROSN;0;20140425;110329;224.470000000;500
ROSN;0;20140425;110331;224.470000000;410
ROSN;0;20140425;110331;224.480000000;200
ROSN;0;20140425;110331;224.490000000;750
ROSN;0;20140425;110331;224.500000000;100
ROSN;0;20140425;110331;224.500000000;150
ROSN;0;20140425;110331;224.500000000;500
ROSN;0;20140425;110331;224.500000000;200
ROSN;0;20140425;110331;224.500000000;500
ROSN;0;20140425;110331;224.500000000;1000
ROSN;0;20140425;110331;224.520000000;600
ROSN;0;20140425;110331;224.530000000;590
ROSN;0;20140425;110332;224.520000000;10
ROSN;0;20140425;110332;224.530000000;500
ROSN;0;20140425;110332;224.540000000;180
ROSN;0;20140425;110332;224.580000000;450
ROSN;0;20140425;110332;224.630000000;970
ROSN;0;20140425;110332;224.640000000;160
ROSN;0;20140425;110332;224.650000000;100
ROSN;0;20140425;110332;224.650000000;100
ROSN;0;20140425;110332;224.660000000;10
ROSN;0;20140425;110332;224.680000000;160
ROSN;0;20140425;110332;224.680000000;2000
ROSN;0;20140425;110332;224.690000000;50
ROSN;0;20140425;110332;224.700000000;500
ROSN;0;20140425;110332;224.740000000;370
ROSN;0;20140425;110332;224.740000000;850
ROSN;0;20140425;110332;224.740000000;370
ROSN;0;20140425;110332;224.780000000;130
ROSN;0;20140425;110332;224.770000000;1820
ROSN;0;20140425;110332;224.650000000;450
ROSN;0;20140425;110332;224.650000000;430
ROSN;0;20140425;110332;224.550000000;100
ROSN;0;20140425;110332;224.580000000;500
ROSN;0;20140425;110337;224.450000000;90
ROSN;0;20140425;110337;224.600000000;80
ROSN;0;20140425;110337;224.610000000;20
ROSN;0;20140425;110337;224.460000000;20
ROSN;0;20140425;110337;224.450000000;70
ROSN;0;20140425;110337;224.580000000;120
ROSN;0;20140425;110337;224.600000000;380
ROSN;0;20140425;110338;224.610000000;100
ROSN;0;20140425;110338;224.620000000;100
ROSN;0;20140425;110338;224.630000000;100
ROSN;0;20140425;110338;224.630000000;100
ROSN;0;20140425;110338;224.630000000;100
ROSN;0;20140425;110338;224.660000000;20
ROSN;0;20140425;110338;224.680000000;400
ROSN;0;20140425;110338;224.680000000;80
ROSN;0;20140425;110338;224.590000000;100
ROSN;0;20140425;110338;224.670000000;70
ROSN;0;20140425;110338;224.680000000;100
ROSN;0;20140425;110338;224.690000000;330
ROSN;0;20140425;110338;224.540000000;120
ROSN;0;20140425;110338;224.530000000;180
ROSN;0;20140425;110338;224.530000000;100
ROSN;0;20140425;110338;224.530000000;100
ROSN;0;20140425;110338;224.540000000;100
ROSN;0;20140425;110338;224.540000000;300
ROSN;0;20140425;110339;224.540000000;200
ROSN;0;20140425;110340;224.540000000;20
ROSN;0;20140425;110340;224.530000000;180
ROSN;0;20140425;110340;224.640000000;300
ROSN;0;20140425;110340;224.650000000;100
ROSN;0;20140425;110340;224.650000000;100
ROSN;0;20140425;110340;224.650000000;500
ROSN;0;20140425;110345;224.660000000;300
ROSN;0;20140425;110345;224.670000000;2320
ROSN;0;20140425;110345;224.680000000;10
ROSN;0;20140425;110345;224.680000000;360
ROSN;0;20140425;110345;224.680000000;130
ROSN;0;20140425;110345;224.600000000;70
ROSN;0;20140425;110347;224.600000000;400
ROSN;0;20140425;110347;224.690000000;20
ROSN;0;20140425;110347;224.690000000;10
ROSN;0;20140425;110347;224.690000000;10
ROSN;0;20140425;110347;224.600000000;10
ROSN;0;20140425;110347;224.690000000;10
ROSN;0;20140425;110348;224.690000000;500
ROSN;0;20140425;110348;224.690000000;220
ROSN;0;20140425;110348;224.710000000;280
ROSN;0;20140425;110348;224.780000000;400
ROSN;0;20140425;110348;224.790000000;50
ROSN;0;20140425;110348;224.790000000;50
ROSN;0;20140425;110349;224.670000000;400
ROSN;0;20140425;110349;224.670000000;30
ROSN;0;20140425;110349;224.670000000;170
ROSN;0;20140425;110351;224.750000000;90
ROSN;0;20140425;110352;224.750000000;500
ROSN;0;20140425;110352;224.750000000;110
ROSN;0;20140425;110352;224.670000000;10
ROSN;0;20140425;110352;224.660000000;80
ROSN;0;20140425;110353;224.670000000;590
ROSN;0;20140425;110353;224.660000000;410
ROSN;0;20140425;110353;224.660000000;300
ROSN;0;20140425;110353;224.660000000;70
ROSN;0;20140425;110353;224.590000000;100
ROSN;0;20140425;110353;224.520000000;100
ROSN;0;20140425;110353;224.520000000;400
ROSN;0;20140425;110353;224.520000000;300
ROSN;0;20140425;110353;224.520000000;100
ROSN;0;20140425;110353;224.630000000;120
ROSN;0;20140425;110353;224.640000000;910
ROSN;0;20140425;110353;224.650000000;790
ROSN;0;20140425;110353;224.440000000;100
ROSN;0;20140425;110353;224.450000000;100
ROSN;0;20140425;110353;224.530000000;100
ROSN;0;20140425;110353;224.450000000;100
ROSN;0;20140425;110353;224.530000000;100
ROSN;0;20140425;110353;224.450000000;200
ROSN;0;20140425;110353;224.450000000;100
ROSN;0;20140425;110353;224.530000000;100
ROSN;0;20140425;110353;224.450000000;200
ROSN;0;20140425;110353;224.450000000;100
ROSN;0;20140425;110355;224.450000000;100
ROSN;0;20140425;110355;224.440000000;100
ROSN;0;20140425;110355;224.630000000;80
ROSN;0;20140425;110355;224.640000000;900
ROSN;0;20140425;110355;224.650000000;2210
ROSN;0;20140425;110355;224.650000000;100
ROSN;0;20140425;110355;224.650000000;610
ROSN;0;20140425;110355;224.650000000;300
ROSN;0;20140425;110355;224.650000000;10
ROSN;0;20140425;110355;224.650000000;20
ROSN;0;20140425;110355;224.660000000;130
ROSN;0;20140425;110355;224.740000000;500
ROSN;0;20140425;110355;224.740000000;500
ROSN;0;20140425;110355;224.800000000;100
ROSN;0;20140425;110355;224.800000000;400
ROSN;0;20140425;110355;224.800000000;60
ROSN;0;20140425;110355;224.740000000;600
ROSN;0;20140425;110355;224.820000000;440
ROSN;0;20140425;110355;224.870000000;10
ROSN;0;20140425;110355;224.870000000;150
ROSN;0;20140425;110355;224.840000000;20
ROSN;0;20140425;110355;224.840000000;200
ROSN;0;20140425;110355;224.840000000;10
ROSN;0;20140425;110356;224.840000000;270
ROSN;0;20140425;110356;224.820000000;30
ROSN;0;20140425;110358;224.820000000;100
ROSN;0;20140425;110358;224.820000000;100
ROSN;0;20140425;110358;224.820000000;100
ROSN;0;20140425;110402;224.750000000;200
ROSN;0;20140425;110402;224.770000000;500
ROSN;0;20140425;110402;224.770000000;100
ROSN;0;20140425;110402;224.860000000;500
ROSN;0;20140425;110403;224.790000000;400
ROSN;0;20140425;110405;224.790000000;100
ROSN;0;20140425;110407;224.740000000;500
ROSN;0;20140425;110407;224.740000000;20
ROSN;0;20140425;110408;224.750000000;100
ROSN;0;20140425;110409;224.750000000;90
ROSN;0;20140425;110409;224.750000000;90
ROSN;0;20140425;110409;224.750000000;100
ROSN;0;20140425;110409;224.750000000;300
ROSN;0;20140425;110410;224.750000000;100
ROSN;0;20140425;110411;224.750000000;200
ROSN;0;20140425;110411;224.750000000;100
ROSN;0;20140425;110411;224.750000000;200
ROSN;0;20140425;110411;224.750000000;100
ROSN;0;20140425;110411;224.750000000;200
ROSN;0;20140425;110411;224.750000000;100
ROSN;0;20140425;110412;224.750000000;200
ROSN;0;20140425;110413;224.750000000;200
ROSN;0;20140425;110414;224.750000000;200
ROSN;0;20140425;110418;224.750000000;350
ROSN;0;20140425;110419;224.750000000;100
ROSN;0;20140425;110420;224.800000000;50
ROSN;0;20140425;110420;224.840000000;200
ROSN;0;20140425;110420;224.840000000;750
ROSN;0;20140425;110423;224.750000000;300
ROSN;0;20140425;110424;224.750000000;40
ROSN;0;20140425;110426;224.780000000;450
ROSN;0;20140425;110426;224.780000000;50
ROSN;0;20140425;110427;224.750000000;100
ROSN;0;20140425;110428;224.750000000;100
ROSN;0;20140425;110428;224.750000000;90
ROSN;0;20140425;110428;224.750000000;200
ROSN;0;20140425;110428;224.750000000;100
ROSN;0;20140425;110428;224.750000000;100
ROSN;0;20140425;110428;224.750000000;550
ROSN;0;20140425;110428;224.750000000;50
ROSN;0;20140425;110429;224.750000000;200
ROSN;0;20140425;110429;224.750000000;100
ROSN;0;20140425;110430;224.750000000;100
ROSN;0;20140425;110434;224.750000000;300
ROSN;0;20140425;110435;224.750000000;100
ROSN;0;20140425;110435;224.750000000;200
ROSN;0;20140425;110435;224.750000000;100
ROSN;0;20140425;110435;224.750000000;500
ROSN;0;20140425;110436;224.750000000;100
ROSN;0;20140425;110437;224.750000000;300
ROSN;0;20140425;110439;224.750000000;1000
ROSN;0;20140425;110445;224.750000000;300
ROSN;0;20140425;110445;224.750000000;300
ROSN;0;20140425;110446;224.750000000;200
ROSN;0;20140425;110446;224.750000000;300
ROSN;0;20140425;110446;224.750000000;600
ROSN;0;20140425;110448;224.750000000;50
ROSN;0;20140425;110454;224.750000000;300
ROSN;0;20140425;110500;224.790000000;200
ROSN;0;20140425;110502;224.790000000;650
ROSN;0;20140425;110502;224.800000000;100
ROSN;0;20140425;110502;224.800000000;1900
ROSN;0;20140425;110502;224.810000000;50
ROSN;0;20140425;110503;224.750000000;640
ROSN;0;20140425;110503;224.750000000;1000
ROSN;0;20140425;110503;224.750000000;300
ROSN;0;20140425;110503;224.750000000;60
ROSN;0;20140425;110506;224.740000000;300
ROSN;0;20140425;110507;224.740000000;1000
ROSN;0;20140425;110507;224.740000000;300
ROSN;0;20140425;110507;224.740000000;500
ROSN;0;20140425;110508;224.740000000;20
ROSN;0;20140425;110508;224.680000000;100
ROSN;0;20140425;110508;224.670000000;380
ROSN;0;20140425;110508;224.700000000;100
ROSN;0;20140425;110545;224.700000000;90
ROSN;0;20140425;110557;224.700000000;80
ROSN;0;20140425;110559;224.780000000;10
ROSN;0;20140425;110615;224.700000000;590
ROSN;0;20140425;110615;224.680000000;2410
ROSN;0;20140425;110623;224.790000000;300
ROSN;0;20140425;110623;224.790000000;70
ROSN;0;20140425;110623;224.800000000;50
ROSN;0;20140425;110623;224.800000000;50
ROSN;0;20140425;110623;224.810000000;530
ROSN;0;20140425;110626;224.680000000;100
ROSN;0;20140425;110634;224.790000000;100
ROSN;0;20140425;110634;224.820000000;40
ROSN;0;20140425;110634;224.820000000;10
ROSN;0;20140425;110634;224.830000000;100
ROSN;0;20140425;110634;224.840000000;50
ROSN;0;20140425;110634;224.840000000;300
ROSN;0;20140425;110643;224.840000000;200
ROSN;0;20140425;110725;224.740000000;50
ROSN;0;20140425;110741;224.830000000;50
ROSN;0;20140425;110759;224.800000000;50
ROSN;0;20140425;110759;224.800000000;90
ROSN;0;20140425;110800;224.800000000;660
ROSN;0;20140425;110803;224.800000000;340
ROSN;0;20140425;110803;224.820000000;40
ROSN;0;20140425;110803;224.830000000;50
ROSN;0;20140425;110803;224.830000000;220
ROSN;0;20140425;110804;224.740000000;900
ROSN;0;20140425;110804;224.730000000;2910
ROSN;0;20140425;110804;224.730000000;90
ROSN;0;20140425;110809;224.690000000;10
ROSN;0;20140425;110811;224.680000000;10
ROSN;0;20140425;110814;224.760000000;10
ROSN;0;20140425;110839;224.750000000;200
ROSN;0;20140425;110850;224.680000000;200
ROSN;0;20140425;110853;224.740000000;10
ROSN;0;20140425;110853;224.750000000;200
ROSN;0;20140425;110853;224.780000000;690
ROSN;0;20140425;110900;224.690000000;400
ROSN;0;20140425;110902;224.690000000;280
ROSN;0;20140425;110902;224.680000000;290
ROSN;0;20140425;110902;224.680000000;120
ROSN;0;20140425;110902;224.660000000;1000
ROSN;0;20140425;110902;224.650000000;5770
ROSN;0;20140425;110902;224.590000000;120
ROSN;0;20140425;110902;224.570000000;180
ROSN;0;20140425;110902;224.640000000;3000
ROSN;0;20140425;110902;224.650000000;2000
ROSN;0;20140425;110902;224.650000000;540
ROSN;0;20140425;110902;224.580000000;10
ROSN;0;20140425;110902;224.570000000;190
ROSN;0;20140425;110905;224.570000000;300
ROSN;0;20140425;110924;224.570000000;100
ROSN;0;20140425;110941;224.570000000;10
ROSN;0;20140425;110944;224.570000000;2400
ROSN;0;20140425;110944;224.570000000;720
ROSN;0;20140425;110946;224.550000000;1000
ROSN;0;20140425;110948;224.550000000;1000
ROSN;0;20140425;110950;224.550000000;1000
ROSN;0;20140425;110951;224.550000000;1000
ROSN;0;20140425;110953;224.550000000;1000
ROSN;0;20140425;110954;224.550000000;1000
ROSN;0;20140425;110956;224.550000000;1000
ROSN;0;20140425;111000;224.550000000;10
ROSN;0;20140425;111000;224.550000000;10
ROSN;0;20140425;111006;224.690000000;10
ROSN;0;20140425;111006;224.700000000;100
ROSN;0;20140425;111006;224.710000000;230
ROSN;0;20140425;111008;224.710000000;340
ROSN;0;20140425;111008;224.770000000;340
ROSN;0;20140425;111009;224.600000000;20
ROSN;0;20140425;111010;224.790000000;340
ROSN;0;20140425;111011;224.790000000;340
ROSN;0;20140425;111012;224.790000000;230
ROSN;0;20140425;111012;224.800000000;20
ROSN;0;20140425;111012;224.800000000;90
ROSN;0;20140425;111013;224.660000000;90
ROSN;0;20140425;111017;224.650000000;40
ROSN;0;20140425;111019;224.590000000;90
ROSN;0;20140425;111022;224.580000000;70
ROSN;0;20140425;111023;224.580000000;90
ROSN;0;20140425;111031;224.570000000;10
ROSN;0;20140425;111040;224.570000000;90
ROSN;0;20140425;111042;224.570000000;10
ROSN;0;20140425;111043;224.570000000;80
ROSN;0;20140425;111046;224.550000000;10
ROSN;0;20140425;111047;224.610000000;1880
ROSN;0;20140425;111050;224.550000000;10
ROSN;0;20140425;111051;224.550000000;90
ROSN;0;20140425;111056;224.610000000;10
ROSN;0;20140425;111056;224.620000000;10
ROSN;0;20140425;111056;224.640000000;500
ROSN;0;20140425;111056;224.670000000;290
ROSN;0;20140425;111056;224.670000000;300
ROSN;0;20140425;111056;224.680000000;3000
ROSN;0;20140425;111103;224.750000000;90
ROSN;0;20140425;111104;224.800000000;60
ROSN;0;20140425;111106;224.830000000;80
ROSN;0;20140425;111106;224.830000000;10
ROSN;0;20140425;111106;224.830000000;910
ROSN;0;20140425;111107;224.830000000;410
ROSN;0;20140425;111107;224.830000000;310
ROSN;0;20140425;111107;224.830000000;370
ROSN;0;20140425;111107;224.840000000;100
ROSN;0;20140425;111107;224.840000000;1000
ROSN;0;20140425;111107;224.850000000;2500
ROSN;0;20140425;111107;224.870000000;740
ROSN;0;20140425;111107;224.880000000;100
ROSN;0;20140425;111107;224.890000000;200
ROSN;0;20140425;111107;224.920000000;100
ROSN;0;20140425;111107;224.920000000;20
ROSN;0;20140425;111107;224.930000000;100
ROSN;0;20140425;111107;224.950000000;200
ROSN;0;20140425;111107;224.950000000;10
ROSN;0;20140425;111107;224.950000000;100
ROSN;0;20140425;111107;224.950000000;10
ROSN;0;20140425;111107;224.960000000;10
ROSN;0;20140425;111107;224.970000000;200
ROSN;0;20140425;111107;224.970000000;100
ROSN;0;20140425;111107;224.970000000;2000
ROSN;0;20140425;111107;224.980000000;10
ROSN;0;20140425;111107;224.980000000;100
ROSN;0;20140425;111107;224.990000000;300
ROSN;0;20140425;111107;225.000000000;510
ROSN;0;20140425;111109;225.000000000;400
ROSN;0;20140425;111109;225.000000000;3810
ROSN;0;20140425;111112;225.000000000;100
ROSN;0;20140425;111112;224.910000000;90
ROSN;0;20140425;111112;224.910000000;90
ROSN;0;20140425;111115;224.930000000;100
ROSN;0;20140425;111119;225.000000000;40
ROSN;0;20140425;111119;225.000000000;100
ROSN;0;20140425;111120;225.000000000;600
ROSN;0;20140425;111121;225.000000000;500
ROSN;0;20140425;111121;225.000000000;20
ROSN;0;20140425;111121;225.000000000;1000
ROSN;0;20140425;111122;225.000000000;20
ROSN;0;20140425;111124;225.000000000;380
ROSN;0;20140425;111124;225.000000000;20
ROSN;0;20140425;111125;225.000000000;100
ROSN;0;20140425;111126;225.000000000;110
ROSN;0;20140425;111126;225.000000000;50
ROSN;0;20140425;111126;225.000000000;40
ROSN;0;20140425;111126;225.000000000;20
ROSN;0;20140425;111127;225.000000000;280
ROSN;0;20140425;111127;225.000000000;50
ROSN;0;20140425;111127;225.000000000;250
ROSN;0;20140425;111127;225.000000000;70
ROSN;0;20140425;111127;225.000000000;30
ROSN;0;20140425;111127;225.000000000;260
ROSN;0;20140425;111127;225.000000000;240
ROSN;0;20140425;111127;225.000000000;10
ROSN;0;20140425;111127;225.000000000;100
ROSN;0;20140425;111127;225.000000000;500
ROSN;0;20140425;111127;225.000000000;200
ROSN;0;20140425;111127;225.000000000;200
ROSN;0;20140425;111127;225.000000000;10
ROSN;0;20140425;111127;225.000000000;10
ROSN;0;20140425;111130;224.990000000;90
ROSN;0;20140425;111138;224.990000000;90
ROSN;0;20140425;111141;224.990000000;10
ROSN;0;20140425;111142;224.990000000;90
ROSN;0;20140425;111145;224.990000000;10
ROSN;0;20140425;111149;225.070000000;10
ROSN;0;20140425;111150;225.070000000;150
ROSN;0;20140425;111150;225.070000000;220
ROSN;0;20140425;111150;225.070000000;1000
ROSN;0;20140425;111150;225.070000000;50
ROSN;0;20140425;111150;225.070000000;200
ROSN;0;20140425;111150;225.110000000;10
ROSN;0;20140425;111150;225.110000000;60
ROSN;0;20140425;111150;225.120000000;50
ROSN;0;20140425;111150;225.170000000;100
ROSN;0;20140425;111150;225.180000000;200
ROSN;0;20140425;111150;225.230000000;10
ROSN;0;20140425;111150;225.240000000;3000
ROSN;0;20140425;111150;225.300000000;100
ROSN;0;20140425;111150;225.300000000;50
ROSN;0;20140425;111150;225.240000000;100
ROSN;0;20140425;111150;225.310000000;100
ROSN;0;20140425;111150;225.320000000;40
ROSN;0;20140425;111150;225.340000000;60
ROSN;0;20140425;111150;225.390000000;10
ROSN;0;20140425;111150;225.400000000;100
ROSN;0;20140425;111150;225.400000000;10
ROSN;0;20140425;111150;225.400000000;280
ROSN;0;20140425;111150;225.430000000;200
ROSN;0;20140425;111150;225.440000000;110
ROSN;0;20140425;111150;225.450000000;10
ROSN;0;20140425;111150;225.460000000;380
ROSN;0;20140425;111151;225.260000000;20
ROSN;0;20140425;111200;225.350000000;100
ROSN;0;20140425;111207;225.340000000;100
ROSN;0;20140425;111208;225.350000000;100
ROSN;0;20140425;111215;225.400000000;50
ROSN;0;20140425;111215;225.410000000;1000
ROSN;0;20140425;111215;225.410000000;500
ROSN;0;20140425;111215;225.460000000;50
ROSN;0;20140425;111215;225.410000000;100
ROSN;0;20140425;111216;225.410000000;30
ROSN;0;20140425;111223;225.410000000;100
ROSN;0;20140425;111230;225.440000000;100
ROSN;0;20140425;111230;225.460000000;70
ROSN;0;20140425;111230;225.460000000;50
ROSN;0;20140425;111232;225.500000000;100
ROSN;0;20140425;111232;225.500000000;500
ROSN;0;20140425;111232;225.500000000;50
ROSN;0;20140425;111232;225.500000000;10
ROSN;0;20140425;111234;225.510000000;90
ROSN;0;20140425;111234;225.590000000;100
ROSN;0;20140425;111234;225.590000000;500
ROSN;0;20140425;111234;225.600000000;10
ROSN;0;20140425;111234;225.650000000;260
ROSN;0;20140425;111234;225.650000000;240
ROSN;0;20140425;111234;225.660000000;100
ROSN;0;20140425;111234;225.660000000;400
ROSN;0;20140425;111234;225.660000000;300
ROSN;0;20140425;111234;225.660000000;300
ROSN;0;20140425;111234;225.660000000;100
ROSN;0;20140425;111234;225.660000000;300
ROSN;0;20140425;111234;225.660000000;100
ROSN;0;20140425;111234;225.660000000;100
ROSN;0;20140425;111235;225.660000000;100
ROSN;0;20140425;111235;225.660000000;100
ROSN;0;20140425;111235;225.660000000;100
ROSN;0;20140425;111235;225.660000000;100
ROSN;0;20140425;111235;225.660000000;200
ROSN;0;20140425;111235;225.660000000;100
ROSN;0;20140425;111235;225.660000000;100
ROSN;0;20140425;111235;225.660000000;300
ROSN;0;20140425;111235;225.660000000;20
ROSN;0;20140425;111235;225.660000000;100
ROSN;0;20140425;111235;225.660000000;80
ROSN;0;20140425;111235;225.660000000;20
ROSN;0;20140425;111235;225.650000000;200
ROSN;0;20140425;111235;225.650000000;100
ROSN;0;20140425;111235;225.650000000;300
ROSN;0;20140425;111235;225.650000000;100
ROSN;0;20140425;111235;225.650000000;200
ROSN;0;20140425;111235;225.650000000;300
ROSN;0;20140425;111235;225.650000000;100
ROSN;0;20140425;111236;225.650000000;300
ROSN;0;20140425;111236;225.650000000;300
ROSN;0;20140425;111236;225.650000000;300
ROSN;0;20140425;111236;225.650000000;300
ROSN;0;20140425;111236;225.650000000;300
ROSN;0;20140425;111236;225.650000000;300
ROSN;0;20140425;111236;225.650000000;100
ROSN;0;20140425;111237;225.650000000;300
ROSN;0;20140425;111237;225.650000000;300
ROSN;0;20140425;111237;225.650000000;300
ROSN;0;20140425;111237;225.650000000;300
ROSN;0;20140425;111237;225.650000000;300
ROSN;0;20140425;111237;225.650000000;300
ROSN;0;20140425;111238;225.650000000;300
ROSN;0;20140425;111238;225.650000000;300
ROSN;0;20140425;111238;225.650000000;100
ROSN;0;20140425;111238;225.650000000;100
ROSN;0;20140425;111238;225.650000000;90
ROSN;0;20140425;111238;225.650000000;90
ROSN;0;20140425;111240;225.650000000;100
ROSN;0;20140425;111242;225.650000000;200
ROSN;0;20140425;111243;225.650000000;200
ROSN;0;20140425;111244;225.650000000;90
ROSN;0;20140425;111246;225.660000000;300
ROSN;0;20140425;111246;225.710000000;100
ROSN;0;20140425;111246;225.710000000;70
ROSN;0;20140425;111248;225.710000000;100
ROSN;0;20140425;111248;225.650000000;400
ROSN;0;20140425;111253;225.650000000;90
ROSN;0;20140425;111254;225.650000000;90
ROSN;0;20140425;111254;225.650000000;100
ROSN;0;20140425;111255;225.650000000;300
ROSN;0;20140425;111255;225.650000000;100
ROSN;0;20140425;111255;225.650000000;200
ROSN;0;20140425;111256;225.700000000;450
ROSN;0;20140425;111257;225.650000000;100
ROSN;0;20140425;111257;225.650000000;20
