<TICKER>;<PER>;<DATE>;<TIME>;<LAST>;<VOL>
VTBR;0;20140425;095959;0.037800000;20000
VTBR;0;20140425;095959;0.037800000;1480000
VTBR;0;20140425;095959;0.037800000;50000
VTBR;0;20140425;095959;0.037800000;470000
VTBR;0;20140425;095959;0.037800000;1000000
VTBR;0;20140425;095959;0.037800000;500000
VTBR;0;20140425;095959;0.037800000;50000
VTBR;0;20140425;095959;0.037800000;500000
VTBR;0;20140425;095959;0.037800000;3480000
VTBR;0;20140425;095959;0.037800000;1460000
VTBR;0;20140425;095959;0.037800000;2120000
VTBR;0;20140425;095959;0.037800000;20000
VTBR;0;20140425;095959;0.037800000;2920000
VTBR;0;20140425;095959;0.037800000;10000000
VTBR;0;20140425;095959;0.037800000;1000000
VTBR;0;20140425;095959;0.037800000;2500000
VTBR;0;20140425;095959;0.037800000;10000
VTBR;0;20140425;095959;0.037800000;1000000
VTBR;0;20140425;095959;0.037800000;20000000
VTBR;0;20140425;095959;0.037800000;10000
VTBR;0;20140425;095959;0.037800000;3000000
VTBR;0;20140425;095959;0.037800000;9560000
VTBR;0;20140425;100000;0.037830000;740000
VTBR;0;20140425;100001;0.037880000;10000
VTBR;0;20140425;100001;0.037890000;150000
VTBR;0;20140425;100001;0.037840000;3670000
VTBR;0;20140425;100001;0.037830000;1330000
VTBR;0;20140425;100001;0.037840000;10000
VTBR;0;20140425;100001;0.037830000;990000
VTBR;0;20140425;100002;0.037830000;2000000
VTBR;0;20140425;100002;0.037810000;1500000
VTBR;0;20140425;100003;0.037850000;80000
VTBR;0;20140425;100003;0.037850000;80000
VTBR;0;20140425;100004;0.037850000;10000
VTBR;0;20140425;100005;0.037810000;160000
VTBR;0;20140425;100005;0.037810000;10000
VTBR;0;20140425;100005;0.037800000;12490000
VTBR;0;20140425;100005;0.037800000;1090000
VTBR;0;20140425;100006;0.037800000;6960000
VTBR;0;20140425;100006;0.037810000;20000
VTBR;0;20140425;100007;0.037800000;400000
VTBR;0;20140425;100007;0.037800000;380000
VTBR;0;20140425;100008;0.037800000;80000
VTBR;0;20140425;100008;0.037800000;5500000
VTBR;0;20140425;100009;0.037800000;80000
VTBR;0;20140425;100009;0.037800000;100000
VTBR;0;20140425;100010;0.037800000;40000000
VTBR;0;20140425;100010;0.037800000;1000000
VTBR;0;20140425;100010;0.037800000;2000000
VTBR;0;20140425;100011;0.037800000;60000000
VTBR;0;20140425;100011;0.037800000;10000000
VTBR;0;20140425;100012;0.037800000;100000
VTBR;0;20140425;100012;0.037800000;2000000
VTBR;0;20140425;100012;0.037800000;10000000
VTBR;0;20140425;100012;0.037800000;3000000
VTBR;0;20140425;100012;0.037800000;1100000
VTBR;0;20140425;100012;0.037800000;1100000
VTBR;0;20140425;100012;0.037800000;1000000
VTBR;0;20140425;100012;0.037800000;3700000
VTBR;0;20140425;100012;0.037800000;3900000
VTBR;0;20140425;100013;0.037800000;1200000
VTBR;0;20140425;100014;0.037800000;3260000
VTBR;0;20140425;100014;0.037800000;270000
VTBR;0;20140425;100014;0.037800000;660000
VTBR;0;20140425;100014;0.037800000;30000
VTBR;0;20140425;100015;0.037750000;140000
VTBR;0;20140425;100017;0.037800000;80000
VTBR;0;20140425;100017;0.037800000;80000
VTBR;0;20140425;100018;0.037800000;4920000
VTBR;0;20140425;100018;0.037810000;40000
VTBR;0;20140425;100018;0.037810000;40000
VTBR;0;20140425;100018;0.037810000;80000
VTBR;0;20140425;100020;0.037810000;100000
VTBR;0;20140425;100021;0.037870000;1100000
VTBR;0;20140425;100021;0.037850000;100000
VTBR;0;20140425;100022;0.037870000;1000000
VTBR;0;20140425;100022;0.037870000;200000
VTBR;0;20140425;100022;0.037870000;1000000
VTBR;0;20140425;100022;0.037880000;800000
VTBR;0;20140425;100022;0.037880000;1000000
VTBR;0;20140425;100022;0.037880000;13200000
VTBR;0;20140425;100022;0.037890000;2000000
VTBR;0;20140425;100026;0.037860000;400000
VTBR;0;20140425;100026;0.037890000;6910000
VTBR;0;20140425;100026;0.037890000;600000
VTBR;0;20140425;100026;0.037900000;100000
VTBR;0;20140425;100026;0.037900000;2630000
VTBR;0;20140425;100026;0.037900000;200000
VTBR;0;20140425;100026;0.037900000;5620000
VTBR;0;20140425;100027;0.037900000;200000
VTBR;0;20140425;100027;0.037900000;1000000
VTBR;0;20140425;100028;0.037900000;2660000
VTBR;0;20140425;100028;0.037860000;14600000
VTBR;0;20140425;100028;0.037860000;15000000
VTBR;0;20140425;100028;0.037850000;17740000
VTBR;0;20140425;100031;0.037830000;450000
VTBR;0;20140425;100037;0.037860000;190000
VTBR;0;20140425;100037;0.037850000;220000
VTBR;0;20140425;100037;0.037850000;140000
VTBR;0;20140425;100040;0.037850000;300000
VTBR;0;20140425;100042;0.037840000;100000
VTBR;0;20140425;100044;0.037870000;10000000
VTBR;0;20140425;100045;0.037850000;15000000
VTBR;0;20140425;100045;0.037840000;14900000
VTBR;0;20140425;100045;0.037820000;10100000
VTBR;0;20140425;100047;0.037870000;1000000
VTBR;0;20140425;100047;0.037880000;330000
VTBR;0;20140425;100047;0.037880000;20000
VTBR;0;20140425;100047;0.037880000;3670000
VTBR;0;20140425;100047;0.037880000;1000000
VTBR;0;20140425;100047;0.037890000;1670000
VTBR;0;20140425;100054;0.037870000;10000
VTBR;0;20140425;100055;0.037870000;2000000
VTBR;0;20140425;100101;0.037870000;200000
VTBR;0;20140425;100101;0.037870000;12790000
VTBR;0;20140425;100102;0.037860000;7400000
VTBR;0;20140425;100106;0.037850000;80000
VTBR;0;20140425;100106;0.037840000;2000000
VTBR;0;20140425;100106;0.037840000;500000
VTBR;0;20140425;100110;0.037820000;100000
VTBR;0;20140425;100110;0.037820000;5900000
VTBR;0;20140425;100111;0.037820000;3000000
VTBR;0;20140425;100111;0.037820000;1100000
VTBR;0;20140425;100111;0.037820000;20000
VTBR;0;20140425;100113;0.037820000;1000000
VTBR;0;20140425;100114;0.037810000;10000
VTBR;0;20140425;100114;0.037810000;100000
VTBR;0;20140425;100114;0.037810000;2000000
VTBR;0;20140425;100114;0.037810000;10000
VTBR;0;20140425;100114;0.037810000;3000000
VTBR;0;20140425;100114;0.037810000;1660000
VTBR;0;20140425;100114;0.037810000;1000000
VTBR;0;20140425;100114;0.037810000;10000
VTBR;0;20140425;100114;0.037810000;210000
VTBR;0;20140425;100115;0.037810000;250000
VTBR;0;20140425;100117;0.037820000;4000000
VTBR;0;20140425;100117;0.037830000;11830000
VTBR;0;20140425;100117;0.037830000;830000
VTBR;0;20140425;100117;0.037830000;830000
VTBR;0;20140425;100117;0.037830000;830000
VTBR;0;20140425;100117;0.037820000;80000
VTBR;0;20140425;100120;0.037820000;3670000
VTBR;0;20140425;100120;0.037820000;4630000
VTBR;0;20140425;100120;0.037810000;8840000
VTBR;0;20140425;100120;0.037810000;700000
VTBR;0;20140425;100120;0.037810000;20000
VTBR;0;20140425;100121;0.037810000;700000
VTBR;0;20140425;100121;0.037810000;1900000
VTBR;0;20140425;100121;0.037810000;12700000
VTBR;0;20140425;100121;0.037810000;14810000
VTBR;0;20140425;100121;0.037810000;1900000
VTBR;0;20140425;100121;0.037810000;1750000
VTBR;0;20140425;100121;0.037810000;3620000
VTBR;0;20140425;100121;0.037810000;760000
VTBR;0;20140425;100121;0.037810000;580000
VTBR;0;20140425;100121;0.037810000;760000
VTBR;0;20140425;100121;0.037810000;500000
VTBR;0;20140425;100121;0.037810000;100000
VTBR;0;20140425;100121;0.037800000;36280000
VTBR;0;20140425;100121;0.037800000;800000
VTBR;0;20140425;100122;0.037800000;6200000
VTBR;0;20140425;100123;0.037800000;14260000
VTBR;0;20140425;100123;0.037800000;300000
VTBR;0;20140425;100123;0.037800000;5000000
VTBR;0;20140425;100124;0.037800000;5000000
VTBR;0;20140425;100124;0.037800000;5000000
VTBR;0;20140425;100125;0.037800000;5000000
VTBR;0;20140425;100125;0.037800000;1000000
VTBR;0;20140425;100125;0.037800000;10000
VTBR;0;20140425;100125;0.037800000;1900000
VTBR;0;20140425;100125;0.037810000;210000
VTBR;0;20140425;100125;0.037800000;200000
VTBR;0;20140425;100126;0.037800000;800000
VTBR;0;20140425;100126;0.037800000;1600000
VTBR;0;20140425;100126;0.037800000;10000
VTBR;0;20140425;100127;0.037810000;830000
VTBR;0;20140425;100129;0.037800000;7300000
VTBR;0;20140425;100131;0.037830000;10000
VTBR;0;20140425;100132;0.037800000;20000
VTBR;0;20140425;100132;0.037800000;80000
VTBR;0;20140425;100132;0.037800000;9240000
VTBR;0;20140425;100132;0.037800000;10000
VTBR;0;20140425;100132;0.037800000;4930000
VTBR;0;20140425;100132;0.037800000;660000
VTBR;0;20140425;100132;0.037800000;170000
VTBR;0;20140425;100132;0.037800000;80000
VTBR;0;20140425;100132;0.037800000;80000
VTBR;0;20140425;100132;0.037800000;80000
VTBR;0;20140425;100133;0.037800000;11300000
VTBR;0;20140425;100133;0.037800000;20000
VTBR;0;20140425;100134;0.037800000;5000000
VTBR;0;20140425;100134;0.037800000;1000000
VTBR;0;20140425;100135;0.037800000;1680000
VTBR;0;20140425;100135;0.037780000;100000
VTBR;0;20140425;100136;0.037780000;960000
VTBR;0;20140425;100136;0.037780000;140000
VTBR;0;20140425;100136;0.037780000;3860000
VTBR;0;20140425;100136;0.037770000;2020000
VTBR;0;20140425;100137;0.037750000;2020000
VTBR;0;20140425;100137;0.037750000;840000
VTBR;0;20140425;100138;0.037740000;1200000
VTBR;0;20140425;100138;0.037740000;5000000
VTBR;0;20140425;100138;0.037740000;13800000
VTBR;0;20140425;100138;0.037730000;300000
VTBR;0;20140425;100138;0.037730000;300000
VTBR;0;20140425;100138;0.037730000;5000000
VTBR;0;20140425;100138;0.037730000;80000
VTBR;0;20140425;100138;0.037730000;80000
VTBR;0;20140425;100138;0.037730000;11590000
VTBR;0;20140425;100139;0.037720000;6000000
VTBR;0;20140425;100142;0.037740000;80000
VTBR;0;20140425;100142;0.037740000;80000
VTBR;0;20140425;100143;0.037740000;10000
VTBR;0;20140425;100144;0.037760000;20000
VTBR;0;20140425;100146;0.037740000;1000000
VTBR;0;20140425;100147;0.037750000;10000
VTBR;0;20140425;100147;0.037740000;990000
VTBR;0;20140425;100148;0.037740000;2000000
VTBR;0;20140425;100149;0.037750000;10000
VTBR;0;20140425;100154;0.037760000;200000
VTBR;0;20140425;100158;0.037750000;80000
VTBR;0;20140425;100201;0.037770000;200000
VTBR;0;20140425;100201;0.037780000;300000
VTBR;0;20140425;100202;0.037760000;80000
VTBR;0;20140425;100204;0.037780000;70000
VTBR;0;20140425;100205;0.037760000;10000
VTBR;0;20140425;100209;0.037760000;700000
VTBR;0;20140425;100215;0.037760000;10000
VTBR;0;20140425;100230;0.037770000;80000
VTBR;0;20140425;100230;0.037770000;80000
VTBR;0;20140425;100231;0.037770000;10000
VTBR;0;20140425;100232;0.037770000;300000
VTBR;0;20140425;100241;0.037770000;1500000
VTBR;0;20140425;100243;0.037770000;100000
VTBR;0;20140425;100245;0.037770000;140000
VTBR;0;20140425;100252;0.037770000;2000000
VTBR;0;20140425;100301;0.037790000;10000
VTBR;0;20140425;100304;0.037770000;2790000
VTBR;0;20140425;100304;0.037770000;230000
VTBR;0;20140425;100304;0.037770000;500000
VTBR;0;20140425;100304;0.037770000;320000
VTBR;0;20140425;100304;0.037760000;1160000
VTBR;0;20140425;100307;0.037780000;500000
VTBR;0;20140425;100307;0.037790000;200000
VTBR;0;20140425;100311;0.037790000;290000
VTBR;0;20140425;100311;0.037790000;710000
VTBR;0;20140425;100312;0.037790000;80000
VTBR;0;20140425;100312;0.037790000;80000
VTBR;0;20140425;100312;0.037790000;830000
VTBR;0;20140425;100324;0.037800000;5000000
VTBR;0;20140425;100324;0.037800000;1000000
VTBR;0;20140425;100324;0.037800000;6200000
VTBR;0;20140425;100324;0.037800000;5000000
VTBR;0;20140425;100324;0.037800000;500000
VTBR;0;20140425;100324;0.037800000;200000
VTBR;0;20140425;100329;0.037800000;3000000
VTBR;0;20140425;100330;0.037820000;2770000
VTBR;0;20140425;100330;0.037820000;9630000
VTBR;0;20140425;100330;0.037820000;830000
VTBR;0;20140425;100330;0.037820000;5980000
VTBR;0;20140425;100330;0.037830000;30000
VTBR;0;20140425;100330;0.037830000;470000
VTBR;0;20140425;100334;0.037830000;100000
VTBR;0;20140425;100334;0.037840000;900000
VTBR;0;20140425;100339;0.037820000;5000000
VTBR;0;20140425;100348;0.037810000;800000
VTBR;0;20140425;100349;0.037800000;1000000
VTBR;0;20140425;100349;0.037800000;10000000
VTBR;0;20140425;100351;0.037780000;500000
VTBR;0;20140425;100351;0.037780000;2040000
VTBR;0;20140425;100351;0.037760000;360000
VTBR;0;20140425;100353;0.037790000;5000000
VTBR;0;20140425;100354;0.037760000;5000000
VTBR;0;20140425;100354;0.037750000;2500000
VTBR;0;20140425;100354;0.037750000;1000000
VTBR;0;20140425;100354;0.037750000;5000000
VTBR;0;20140425;100354;0.037740000;4000000
VTBR;0;20140425;100354;0.037740000;1200000
VTBR;0;20140425;100354;0.037730000;10000000
VTBR;0;20140425;100354;0.037720000;7300000
VTBR;0;20140425;100358;0.037710000;110000
VTBR;0;20140425;100358;0.037710000;70000
VTBR;0;20140425;100358;0.037710000;10000
VTBR;0;20140425;100358;0.037710000;2000000
VTBR;0;20140425;100358;0.037710000;20000
VTBR;0;20140425;100358;0.037700000;270000
VTBR;0;20140425;100358;0.037700000;100000
VTBR;0;20140425;100358;0.037700000;100000
VTBR;0;20140425;100358;0.037700000;1320000
VTBR;0;20140425;100401;0.037730000;1000000
VTBR;0;20140425;100410;0.037730000;10000
VTBR;0;20140425;100411;0.037730000;4990000
VTBR;0;20140425;100411;0.037720000;600000
VTBR;0;20140425;100411;0.037710000;7910000
VTBR;0;20140425;100418;0.037710000;400000
VTBR;0;20140425;100421;0.037740000;500000
VTBR;0;20140425;100421;0.037710000;10000
VTBR;0;20140425;100421;0.037700000;1190000
VTBR;0;20140425;100423;0.037700000;500000
VTBR;0;20140425;100423;0.037690000;460000
VTBR;0;20140425;100423;0.037690000;2660000
VTBR;0;20140425;100423;0.037690000;2660000
VTBR;0;20140425;100423;0.037690000;1030000
VTBR;0;20140425;100423;0.037690000;1630000
VTBR;0;20140425;100423;0.037690000;600000
VTBR;0;20140425;100423;0.037690000;670000
VTBR;0;20140425;100423;0.037670000;2100000
VTBR;0;20140425;100424;0.037710000;15000000
VTBR;0;20140425;100424;0.037700000;20000
VTBR;0;20140425;100424;0.037700000;50000
VTBR;0;20140425;100424;0.037700000;2000000
VTBR;0;20140425;100430;0.037700000;20320000
VTBR;0;20140425;100430;0.037700000;10000
VTBR;0;20140425;100430;0.037690000;2650000
VTBR;0;20140425;100430;0.037690000;1280000
VTBR;0;20140425;100430;0.037690000;640000
VTBR;0;20140425;100430;0.037690000;2650000
VTBR;0;20140425;100430;0.037680000;2450000
VTBR;0;20140425;100431;0.037690000;2500000
VTBR;0;20140425;100433;0.037690000;60000
VTBR;0;20140425;100436;0.037700000;80000
VTBR;0;20140425;100436;0.037700000;80000
VTBR;0;20140425;100438;0.037700000;4840000
VTBR;0;20140425;100438;0.037710000;160000
VTBR;0;20140425;100438;0.037710000;5000000
VTBR;0;20140425;100441;0.037690000;220000
VTBR;0;20140425;100441;0.037680000;2780000
VTBR;0;20140425;100444;0.037700000;20000
VTBR;0;20140425;100444;0.037700000;150000
VTBR;0;20140425;100444;0.037710000;5050000
VTBR;0;20140425;100445;0.037700000;50000
VTBR;0;20140425;100451;0.037710000;500000
VTBR;0;20140425;100453;0.037710000;8000000
VTBR;0;20140425;100458;0.037710000;20000
VTBR;0;20140425;100501;0.037710000;20000
VTBR;0;20140425;100502;0.037710000;10000
VTBR;0;20140425;100504;0.037710000;830000
VTBR;0;20140425;100504;0.037710000;1200000
VTBR;0;20140425;100504;0.037710000;830000
VTBR;0;20140425;100504;0.037710000;830000
VTBR;0;20140425;100504;0.037710000;830000
VTBR;0;20140425;100504;0.037710000;1000000
VTBR;0;20140425;100504;0.037710000;830000
VTBR;0;20140425;100504;0.037710000;690000
VTBR;0;20140425;100504;0.037710000;50000
VTBR;0;20140425;100504;0.037710000;10000
VTBR;0;20140425;100505;0.037710000;5250000
VTBR;0;20140425;100506;0.037710000;1830000
VTBR;0;20140425;100506;0.037710000;40000
VTBR;0;20140425;100506;0.037710000;150000
VTBR;0;20140425;100506;0.037710000;50000
VTBR;0;20140425;100507;0.037710000;740000
VTBR;0;20140425;100507;0.037710000;200000
VTBR;0;20140425;100507;0.037700000;450000
VTBR;0;20140425;100507;0.037700000;10000
VTBR;0;20140425;100507;0.037700000;40000
VTBR;0;20140425;100507;0.037700000;2100000
VTBR;0;20140425;100507;0.037700000;5000000
VTBR;0;20140425;100507;0.037690000;5000000
VTBR;0;20140425;100507;0.037690000;1200000
VTBR;0;20140425;100507;0.037690000;8800000
VTBR;0;20140425;100509;0.037710000;880000
VTBR;0;20140425;100509;0.037710000;3670000
VTBR;0;20140425;100509;0.037710000;400000
VTBR;0;20140425;100510;0.037720000;800000
VTBR;0;20140425;100512;0.037720000;30000
VTBR;0;20140425;100518;0.037740000;1000000
VTBR;0;20140425;100520;0.037740000;13500000
VTBR;0;20140425;100520;0.037740000;20150000
VTBR;0;20140425;100520;0.037750000;20000
VTBR;0;20140425;100521;0.037720000;13250000
VTBR;0;20140425;100524;0.037750000;10000
VTBR;0;20140425;100527;0.037740000;130000
VTBR;0;20140425;100529;0.037750000;2000000
VTBR;0;20140425;100530;0.037750000;970000
VTBR;0;20140425;100530;0.037760000;14030000
VTBR;0;20140425;100555;0.037750000;1000000
VTBR;0;20140425;100555;0.037740000;370000
VTBR;0;20140425;100555;0.037730000;510000
VTBR;0;20140425;100555;0.037730000;5000000
VTBR;0;20140425;100555;0.037720000;1750000
VTBR;0;20140425;100555;0.037720000;500000
VTBR;0;20140425;100555;0.037720000;870000
VTBR;0;20140425;100602;0.037770000;5000000
VTBR;0;20140425;100603;0.037760000;2790000
VTBR;0;20140425;100603;0.037750000;1210000
VTBR;0;20140425;100609;0.037760000;10000
VTBR;0;20140425;100609;0.037750000;4960000
VTBR;0;20140425;100611;0.037750000;2000000
VTBR;0;20140425;100612;0.037770000;15000000
VTBR;0;20140425;100619;0.037750000;200000
VTBR;0;20140425;100619;0.037740000;50000
VTBR;0;20140425;100619;0.037730000;330000
VTBR;0;20140425;100639;0.037730000;50000
VTBR;0;20140425;100641;0.037730000;1700000
VTBR;0;20140425;100643;0.037740000;10000
VTBR;0;20140425;100648;0.037750000;20000
VTBR;0;20140425;100648;0.037730000;11420000
VTBR;0;20140425;100648;0.037730000;50000
VTBR;0;20140425;100648;0.037730000;3530000
VTBR;0;20140425;100705;0.037750000;14980000
VTBR;0;20140425;100706;0.037760000;500000
VTBR;0;20140425;100706;0.037750000;500000
VTBR;0;20140425;100711;0.037760000;40000
VTBR;0;20140425;100713;0.037770000;30000
VTBR;0;20140425;100713;0.037760000;10000
VTBR;0;20140425;100715;0.037760000;1000000
VTBR;0;20140425;100718;0.037780000;5000000
VTBR;0;20140425;100723;0.037770000;1000000
VTBR;0;20140425;100723;0.037780000;5000000
VTBR;0;20140425;100727;0.037770000;500000
VTBR;0;20140425;100728;0.037760000;80000
VTBR;0;20140425;100732;0.037770000;1000000
VTBR;0;20140425;100732;0.037780000;5000000
VTBR;0;20140425;100732;0.037780000;3670000
VTBR;0;20140425;100732;0.037790000;2500000
VTBR;0;20140425;100732;0.037790000;5290000
VTBR;0;20140425;100732;0.037790000;5000000
VTBR;0;20140425;100732;0.037800000;10300000
VTBR;0;20140425;100732;0.037800000;3000000
VTBR;0;20140425;100732;0.037800000;1300000
VTBR;0;20140425;100732;0.037810000;2650000
VTBR;0;20140425;100732;0.037810000;1290000
VTBR;0;20140425;100738;0.037800000;2500000
VTBR;0;20140425;100742;0.037800000;10000
VTBR;0;20140425;100742;0.037800000;190000
VTBR;0;20140425;100753;0.037770000;500000
VTBR;0;20140425;100754;0.037770000;200000
VTBR;0;20140425;100754;0.037770000;400000
VTBR;0;20140425;100754;0.037770000;500000
VTBR;0;20140425;100754;0.037770000;500000
VTBR;0;20140425;100754;0.037770000;500000
VTBR;0;20140425;100754;0.037770000;500000
VTBR;0;20140425;100754;0.037770000;570000
VTBR;0;20140425;100754;0.037770000;430000
VTBR;0;20140425;100754;0.037770000;200000
VTBR;0;20140425;100754;0.037760000;200000
VTBR;0;20140425;100756;0.037760000;200000
VTBR;0;20140425;100757;0.037760000;200000
VTBR;0;20140425;100757;0.037760000;200000
VTBR;0;20140425;100758;0.037760000;50000
VTBR;0;20140425;100758;0.037750000;150000
VTBR;0;20140425;100817;0.037770000;2500000
VTBR;0;20140425;100817;0.037780000;500000
VTBR;0;20140425;100820;0.037770000;500000
VTBR;0;20140425;100821;0.037750000;26480000
VTBR;0;20140425;100822;0.037750000;40000000
VTBR;0;20140425;100822;0.037750000;2450000
VTBR;0;20140425;100823;0.037750000;100000
VTBR;0;20140425;100824;0.037750000;500000
VTBR;0;20140425;100824;0.037750000;9410000
VTBR;0;20140425;100824;0.037750000;790000
VTBR;0;20140425;100824;0.037750000;4640000
VTBR;0;20140425;100824;0.037750000;200000
VTBR;0;20140425;100824;0.037730000;50000
VTBR;0;20140425;100824;0.037710000;50000
VTBR;0;20140425;100824;0.037710000;150000
VTBR;0;20140425;100827;0.037710000;160000
VTBR;0;20140425;100827;0.037710000;30000
VTBR;0;20140425;100827;0.037710000;80000
VTBR;0;20140425;100827;0.037710000;90000
VTBR;0;20140425;100828;0.037710000;4490000
VTBR;0;20140425;100828;0.037710000;2000000
VTBR;0;20140425;100828;0.037710000;50000
VTBR;0;20140425;100828;0.037710000;10000
VTBR;0;20140425;100834;0.037700000;40000
VTBR;0;20140425;100834;0.037700000;20000
VTBR;0;20140425;100834;0.037700000;100000
VTBR;0;20140425;100834;0.037690000;30000
VTBR;0;20140425;100834;0.037690000;120000
VTBR;0;20140425;100834;0.037690000;1880000
VTBR;0;20140425;100834;0.037680000;500000
VTBR;0;20140425;100835;0.037680000;840000
VTBR;0;20140425;100836;0.037680000;80000
VTBR;0;20140425;100836;0.037680000;90000
VTBR;0;20140425;100836;0.037680000;420000
VTBR;0;20140425;100836;0.037680000;70000
VTBR;0;20140425;100836;0.037680000;770000
VTBR;0;20140425;100836;0.037680000;230000
VTBR;0;20140425;100836;0.037680000;20000
VTBR;0;20140425;100836;0.037670000;5000000
VTBR;0;20140425;100836;0.037670000;10000
VTBR;0;20140425;100836;0.037670000;600000
VTBR;0;20140425;100836;0.037670000;180000
VTBR;0;20140425;100836;0.037670000;190000
VTBR;0;20140425;100836;0.037660000;10000
VTBR;0;20140425;100836;0.037650000;2660000
VTBR;0;20140425;100836;0.037650000;5000000
VTBR;0;20140425;100837;0.037640000;20000
VTBR;0;20140425;100837;0.037630000;100000
VTBR;0;20140425;100837;0.037630000;1000000
VTBR;0;20140425;100837;0.037630000;4000000
VTBR;0;20140425;100837;0.037630000;2000000
VTBR;0;20140425;100837;0.037630000;50000
VTBR;0;20140425;100837;0.037630000;2000000
VTBR;0;20140425;100837;0.037630000;2660000
VTBR;0;20140425;100837;0.037620000;800000
VTBR;0;20140425;100837;0.037620000;930000
VTBR;0;20140425;100837;0.037620000;10000
VTBR;0;20140425;100837;0.037620000;15000000
VTBR;0;20140425;100837;0.037610000;10000
VTBR;0;20140425;100837;0.037610000;10000
VTBR;0;20140425;100837;0.037610000;100000
VTBR;0;20140425;100837;0.037610000;3000000
VTBR;0;20140425;100837;0.037610000;1000000
VTBR;0;20140425;100837;0.037610000;2500000
VTBR;0;20140425;100837;0.037610000;2660000
VTBR;0;20140425;100837;0.037600000;3450000
VTBR;0;20140425;100837;0.037600000;3290000
VTBR;0;20140425;100837;0.037600000;490000
VTBR;0;20140425;100837;0.037600000;10000
VTBR;0;20140425;100837;0.037600000;100000
VTBR;0;20140425;100837;0.037600000;2660000
VTBR;0;20140425;100837;0.037600000;5000000
VTBR;0;20140425;100837;0.037600000;500000
VTBR;0;20140425;100837;0.037590000;10000
VTBR;0;20140425;100837;0.037590000;2660000
VTBR;0;20140425;100837;0.037590000;2660000
VTBR;0;20140425;100837;0.037590000;2660000
VTBR;0;20140425;100837;0.037610000;80000
VTBR;0;20140425;100837;0.037610000;80000
VTBR;0;20140425;100837;0.037590000;15000000
VTBR;0;20140425;100838;0.037610000;5000000
VTBR;0;20140425;100838;0.037590000;15000000
VTBR;0;20140425;100839;0.037600000;600000
VTBR;0;20140425;100839;0.037600000;10000
VTBR;0;20140425;100839;0.037600000;1630000
VTBR;0;20140425;100843;0.037600000;10000
VTBR;0;20140425;100845;0.037600000;180000
VTBR;0;20140425;100847;0.037610000;4750000
VTBR;0;20140425;100851;0.037590000;10000
VTBR;0;20140425;100858;0.037600000;1000000
VTBR;0;20140425;100858;0.037610000;5090000
VTBR;0;20140425;100858;0.037610000;5000000
VTBR;0;20140425;100908;0.037630000;15000000
VTBR;0;20140425;100908;0.037630000;250000
VTBR;0;20140425;100918;0.037630000;650000
VTBR;0;20140425;100919;0.037630000;210000
VTBR;0;20140425;100919;0.037630000;9650000
VTBR;0;20140425;100919;0.037630000;900000
VTBR;0;20140425;100919;0.037630000;500000
VTBR;0;20140425;100919;0.037620000;660000
VTBR;0;20140425;100920;0.037620000;250000
VTBR;0;20140425;100920;0.037620000;200000
VTBR;0;20140425;100920;0.037620000;30000
VTBR;0;20140425;100920;0.037620000;150000
VTBR;0;20140425;100920;0.037620000;80000
VTBR;0;20140425;100920;0.037620000;170000
VTBR;0;20140425;100920;0.037620000;160000
VTBR;0;20140425;100920;0.037620000;650000
VTBR;0;20140425;100923;0.037630000;10000
VTBR;0;20140425;100924;0.037620000;260000
VTBR;0;20140425;100926;0.037620000;1000000
VTBR;0;20140425;100926;0.037630000;40000
VTBR;0;20140425;100926;0.037630000;40000
VTBR;0;20140425;100928;0.037630000;210000
VTBR;0;20140425;100928;0.037620000;150000
VTBR;0;20140425;100928;0.037620000;30000
VTBR;0;20140425;100928;0.037620000;10000
VTBR;0;20140425;100928;0.037620000;200000
VTBR;0;20140425;100928;0.037620000;190000
VTBR;0;20140425;100929;0.037620000;260000
VTBR;0;20140425;100930;0.037620000;260000
VTBR;0;20140425;100933;0.037630000;10000
VTBR;0;20140425;100933;0.037630000;90000
VTBR;0;20140425;100933;0.037630000;90000
VTBR;0;20140425;100933;0.037630000;10000
VTBR;0;20140425;100933;0.037630000;200000
VTBR;0;20140425;100934;0.037630000;280000
VTBR;0;20140425;100945;0.037660000;5000000
VTBR;0;20140425;100945;0.037660000;5000000
VTBR;0;20140425;100953;0.037650000;10000
VTBR;0;20140425;100955;0.037650000;10000000
VTBR;0;20140425;101008;0.037640000;10000
VTBR;0;20140425;101008;0.037640000;2490000
VTBR;0;20140425;101018;0.037640000;510000
VTBR;0;20140425;101027;0.037650000;690000
VTBR;0;20140425;101028;0.037650000;100000
VTBR;0;20140425;101030;0.037650000;450000
VTBR;0;20140425;101030;0.037650000;3050000
VTBR;0;20140425;101030;0.037650000;800000
VTBR;0;20140425;101034;0.037660000;3000000
VTBR;0;20140425;101036;0.037650000;1000000
VTBR;0;20140425;101036;0.037660000;3470000
VTBR;0;20140425;101036;0.037660000;40000
VTBR;0;20140425;101037;0.037660000;50000
VTBR;0;20140425;101038;0.037670000;100000
VTBR;0;20140425;101038;0.037650000;990000
VTBR;0;20140425;101038;0.037640000;2310000
VTBR;0;20140425;101038;0.037660000;1920000
VTBR;0;20140425;101038;0.037660000;20000
VTBR;0;20140425;101039;0.037660000;210000
VTBR;0;20140425;101039;0.037660000;20000
VTBR;0;20140425;101040;0.037660000;180000
VTBR;0;20140425;101041;0.037640000;570000
VTBR;0;20140425;101044;0.037660000;2650000
VTBR;0;20140425;101047;0.037660000;5000000
VTBR;0;20140425;101052;0.037660000;5000000
VTBR;0;20140425;101054;0.037660000;5000000
VTBR;0;20140425;101109;0.037670000;10120000
VTBR;0;20140425;101109;0.037670000;420000
VTBR;0;20140425;101109;0.037670000;830000
VTBR;0;20140425;101109;0.037670000;760000
VTBR;0;20140425;101109;0.037670000;170000
VTBR;0;20140425;101109;0.037670000;840000
VTBR;0;20140425;101109;0.037670000;670000
VTBR;0;20140425;101109;0.037670000;5200000
VTBR;0;20140425;101109;0.037670000;5120000
VTBR;0;20140425;101109;0.037670000;420000
VTBR;0;20140425;101109;0.037670000;90000
VTBR;0;20140425;101109;0.037670000;160000
VTBR;0;20140425;101109;0.037670000;170000
VTBR;0;20140425;101109;0.037670000;170000
VTBR;0;20140425;101109;0.037670000;170000
VTBR;0;20140425;101109;0.037670000;160000
VTBR;0;20140425;101109;0.037670000;170000
VTBR;0;20140425;101109;0.037670000;6300000
VTBR;0;20140425;101109;0.037670000;11910000
VTBR;0;20140425;101109;0.037670000;840000
VTBR;0;20140425;101109;0.037670000;310000
VTBR;0;20140425;101114;0.037650000;10000
VTBR;0;20140425;101114;0.037650000;2990000
VTBR;0;20140425;101114;0.037670000;1880000
VTBR;0;20140425;101114;0.037670000;160000
VTBR;0;20140425;101114;0.037670000;170000
VTBR;0;20140425;101114;0.037670000;90000
VTBR;0;20140425;101114;0.037670000;420000
VTBR;0;20140425;101114;0.037670000;80000
VTBR;0;20140425;101114;0.037670000;420000
VTBR;0;20140425;101114;0.037670000;250000
VTBR;0;20140425;101114;0.037670000;80000
VTBR;0;20140425;101114;0.037670000;420000
VTBR;0;20140425;101114;0.037670000;260000
VTBR;0;20140425;101114;0.037670000;5770000
VTBR;0;20140425;101117;0.037670000;100000
VTBR;0;20140425;101117;0.037670000;90000
VTBR;0;20140425;101117;0.037670000;310000
VTBR;0;20140425;101118;0.037670000;190000
VTBR;0;20140425;101118;0.037670000;80000
VTBR;0;20140425;101118;0.037670000;90000
VTBR;0;20140425;101118;0.037670000;80000
VTBR;0;20140425;101118;0.037670000;80000
VTBR;0;20140425;101118;0.037670000;90000
VTBR;0;20140425;101118;0.037670000;420000
VTBR;0;20140425;101118;0.037670000;500000
VTBR;0;20140425;101118;0.037670000;90000
VTBR;0;20140425;101118;0.037670000;420000
VTBR;0;20140425;101118;0.037670000;80000
VTBR;0;20140425;101118;0.037670000;80000
VTBR;0;20140425;101118;0.037670000;840000
VTBR;0;20140425;101118;0.037670000;170000
VTBR;0;20140425;101118;0.037670000;170000
VTBR;0;20140425;101118;0.037670000;620000
VTBR;0;20140425;101119;0.037670000;10000
VTBR;0;20140425;101119;0.037670000;40000
VTBR;0;20140425;101119;0.037670000;80000
VTBR;0;20140425;101119;0.037670000;90000
VTBR;0;20140425;101119;0.037670000;1340000
VTBR;0;20140425;101121;0.037670000;8000000
VTBR;0;20140425;101122;0.037670000;200000
VTBR;0;20140425;101133;0.037670000;8000000
VTBR;0;20140425;101137;0.037680000;130000
VTBR;0;20140425;101142;0.037670000;8000000
VTBR;0;20140425;101143;0.037680000;14870000
VTBR;0;20140425;101148;0.037690000;40000
VTBR;0;20140425;101148;0.037690000;1020000
VTBR;0;20140425;101150;0.037680000;2000000
VTBR;0;20140425;101154;0.037680000;8000000
VTBR;0;20140425;101159;0.037700000;500000
VTBR;0;20140425;101159;0.037700000;150000
VTBR;0;20140425;101159;0.037700000;3200000
VTBR;0;20140425;101159;0.037700000;320000
VTBR;0;20140425;101159;0.037700000;3010000
VTBR;0;20140425;101159;0.037700000;1820000
VTBR;0;20140425;101159;0.037700000;1060000
VTBR;0;20140425;101159;0.037700000;3330000
VTBR;0;20140425;101159;0.037700000;780000
VTBR;0;20140425;101159;0.037700000;560000
VTBR;0;20140425;101159;0.037700000;40000
VTBR;0;20140425;101159;0.037700000;40000
VTBR;0;20140425;101159;0.037700000;860000
VTBR;0;20140425;101159;0.037710000;1250000
VTBR;0;20140425;101159;0.037710000;5300000
VTBR;0;20140425;101159;0.037720000;10000
VTBR;0;20140425;101200;0.037710000;15000000
VTBR;0;20140425;101200;0.037700000;5000000
VTBR;0;20140425;101213;0.037710000;860000
VTBR;0;20140425;101218;0.037720000;10000
VTBR;0;20140425;101222;0.037700000;20000
VTBR;0;20140425;101222;0.037690000;5000000
VTBR;0;20140425;101222;0.037680000;1000000
VTBR;0;20140425;101222;0.037680000;50000000
VTBR;0;20140425;101222;0.037680000;3670000
VTBR;0;20140425;101222;0.037680000;9950000
VTBR;0;20140425;101222;0.037670000;10840000
VTBR;0;20140425;101222;0.037670000;2000000
VTBR;0;20140425;101222;0.037670000;4400000
VTBR;0;20140425;101222;0.037670000;2000000
VTBR;0;20140425;101222;0.037670000;2610000
VTBR;0;20140425;101222;0.037690000;10000
VTBR;0;20140425;101222;0.037680000;6030000
VTBR;0;20140425;101222;0.037680000;8970000
VTBR;0;20140425;101222;0.037680000;5000000
VTBR;0;20140425;101222;0.037670000;89150000
VTBR;0;20140425;101222;0.037670000;18000000
VTBR;0;20140425;101224;0.037680000;4120000
VTBR;0;20140425;101231;0.037690000;330000
VTBR;0;20140425;101231;0.037680000;150000
VTBR;0;20140425;101235;0.037690000;10000
VTBR;0;20140425;101238;0.037680000;730000
VTBR;0;20140425;101238;0.037680000;50000
VTBR;0;20140425;101238;0.037680000;5000000
VTBR;0;20140425;101238;0.037680000;4220000
VTBR;0;20140425;101254;0.037680000;50000
VTBR;0;20140425;101254;0.037680000;50000
VTBR;0;20140425;101304;0.037680000;4950000
VTBR;0;20140425;101304;0.037680000;200000
VTBR;0;20140425;101304;0.037670000;4010000
VTBR;0;20140425;101304;0.037670000;2000000
VTBR;0;20140425;101304;0.037670000;50000
VTBR;0;20140425;101304;0.037670000;10000
VTBR;0;20140425;101304;0.037670000;8780000
VTBR;0;20140425;101314;0.037690000;10000
VTBR;0;20140425;101314;0.037680000;5000000
VTBR;0;20140425;101315;0.037670000;1220000
VTBR;0;20140425;101315;0.037670000;10000000
VTBR;0;20140425;101315;0.037670000;2000000
VTBR;0;20140425;101315;0.037670000;8040000
VTBR;0;20140425;101315;0.037670000;1960000
VTBR;0;20140425;101315;0.037670000;380000
VTBR;0;20140425;101317;0.037670000;3620000
VTBR;0;20140425;101317;0.037670000;13380000
VTBR;0;20140425;101317;0.037670000;3000000
VTBR;0;20140425;101317;0.037670000;6620000
VTBR;0;20140425;101317;0.037670000;80000
VTBR;0;20140425;101347;0.037670000;150000
VTBR;0;20140425;101354;0.037670000;7000000
VTBR;0;20140425;101355;0.037670000;62010000
VTBR;0;20140425;101355;0.037670000;290000
VTBR;0;20140425;101355;0.037670000;1700000
VTBR;0;20140425;101355;0.037670000;4840000
VTBR;0;20140425;101402;0.037670000;15000000
VTBR;0;20140425;101407;0.037670000;900000
VTBR;0;20140425;101407;0.037670000;180000
VTBR;0;20140425;101407;0.037670000;20000
VTBR;0;20140425;101411;0.037670000;7000000
VTBR;0;20140425;101416;0.037670000;20000
VTBR;0;20140425;101417;0.037670000;1530000
VTBR;0;20140425;101417;0.037670000;1370000
VTBR;0;20140425;101417;0.037670000;100000
VTBR;0;20140425;101418;0.037670000;60000
VTBR;0;20140425;101418;0.037670000;840000
VTBR;0;20140425;101418;0.037670000;630000
VTBR;0;20140425;101418;0.037670000;40000
VTBR;0;20140425;101418;0.037670000;290000
VTBR;0;20140425;101418;0.037670000;30000
VTBR;0;20140425;101418;0.037670000;1370000
VTBR;0;20140425;101418;0.037670000;3570000
VTBR;0;20140425;101418;0.037670000;3070000
VTBR;0;20140425;101418;0.037670000;20000
VTBR;0;20140425;101418;0.037670000;510000
VTBR;0;20140425;101418;0.037670000;2690000
VTBR;0;20140425;101419;0.037670000;600000
VTBR;0;20140425;101419;0.037670000;3030000
VTBR;0;20140425;101419;0.037670000;230000
VTBR;0;20140425;101419;0.037670000;2940000
VTBR;0;20140425;101420;0.037670000;850000
VTBR;0;20140425;101420;0.037670000;5500000
VTBR;0;20140425;101420;0.037670000;2410000
VTBR;0;20140425;101420;0.037670000;1240000
VTBR;0;20140425;101420;0.037670000;2410000
VTBR;0;20140425;101420;0.037670000;660000
VTBR;0;20140425;101420;0.037670000;1870000
VTBR;0;20140425;101420;0.037670000;660000
VTBR;0;20140425;101420;0.037670000;660000
VTBR;0;20140425;101420;0.037670000;660000
VTBR;0;20140425;101420;0.037670000;660000
VTBR;0;20140425;101420;0.037670000;660000
VTBR;0;20140425;101420;0.037670000;660000
VTBR;0;20140425;101420;0.037670000;1100000
VTBR;0;20140425;101420;0.037670000;660000
VTBR;0;20140425;101420;0.037670000;580000
VTBR;0;20140425;101420;0.037670000;10000000
VTBR;0;20140425;101420;0.037670000;6830000
VTBR;0;20140425;101420;0.037670000;660000
VTBR;0;20140425;101420;0.037670000;660000
VTBR;0;20140425;101420;0.037670000;660000
VTBR;0;20140425;101420;0.037670000;9950000
VTBR;0;20140425;101421;0.037680000;50000
VTBR;0;20140425;101421;0.037670000;80000
VTBR;0;20140425;101421;0.037680000;100000
VTBR;0;20140425;101422;0.037670000;400000
VTBR;0;20140425;101422;0.037670000;80000
VTBR;0;20140425;101424;0.037670000;1200000
VTBR;0;20140425;101431;0.037670000;20000
VTBR;0;20140425;101433;0.037670000;5600000
VTBR;0;20140425;101437;0.037680000;10000
VTBR;0;20140425;101438;0.037680000;1130000
VTBR;0;20140425;101438;0.037680000;1130000
VTBR;0;20140425;101438;0.037680000;1130000
VTBR;0;20140425;101438;0.037680000;1130000
VTBR;0;20140425;101438;0.037680000;1130000
VTBR;0;20140425;101438;0.037680000;1130000
VTBR;0;20140425;101438;0.037680000;1130000
VTBR;0;20140425;101438;0.037680000;1130000
VTBR;0;20140425;101438;0.037680000;1130000
VTBR;0;20140425;101438;0.037680000;1130000
VTBR;0;20140425;101438;0.037680000;1130000
VTBR;0;20140425;101438;0.037680000;1130000
VTBR;0;20140425;101438;0.037680000;1130000
VTBR;0;20140425;101438;0.037680000;1130000
VTBR;0;20140425;101438;0.037680000;1130000
VTBR;0;20140425;101438;0.037680000;1130000
VTBR;0;20140425;101438;0.037680000;1130000
VTBR;0;20140425;101438;0.037680000;1130000
VTBR;0;20140425;101438;0.037680000;1130000
VTBR;0;20140425;101438;0.037680000;1130000
VTBR;0;20140425;101438;0.037680000;1130000
VTBR;0;20140425;101438;0.037680000;1130000
VTBR;0;20140425;101438;0.037680000;1130000
VTBR;0;20140425;101438;0.037680000;1130000
VTBR;0;20140425;101438;0.037680000;1130000
VTBR;0;20140425;101438;0.037680000;1130000
VTBR;0;20140425;101438;0.037680000;1130000
VTBR;0;20140425;101438;0.037680000;1130000
VTBR;0;20140425;101438;0.037680000;1130000
VTBR;0;20140425;101438;0.037680000;1130000
VTBR;0;20140425;101438;0.037680000;1130000
VTBR;0;20140425;101438;0.037680000;1130000
VTBR;0;20140425;101438;0.037680000;120000
VTBR;0;20140425;101439;0.037670000;190000
VTBR;0;20140425;101444;0.037670000;21060000
VTBR;0;20140425;101444;0.037670000;20000
VTBR;0;20140425;101444;0.037670000;1920000
VTBR;0;20140425;101450;0.037670000;700000
VTBR;0;20140425;101451;0.037670000;20000
VTBR;0;20140425;101452;0.037670000;500000
VTBR;0;20140425;101512;0.037670000;10000
VTBR;0;20140425;101513;0.037670000;7970000
VTBR;0;20140425;101515;0.037670000;80000
VTBR;0;20140425;101516;0.037670000;60000
VTBR;0;20140425;101517;0.037670000;4000000
VTBR;0;20140425;101520;0.037670000;80000
VTBR;0;20140425;101527;0.037680000;20000000
VTBR;0;20140425;101532;0.037680000;30520000
VTBR;0;20140425;101532;0.037680000;3620000
VTBR;0;20140425;101532;0.037680000;9420000
VTBR;0;20140425;101532;0.037680000;230000
VTBR;0;20140425;101532;0.037680000;70000
VTBR;0;20140425;101532;0.037680000;190000
VTBR;0;20140425;101532;0.037680000;310000
VTBR;0;20140425;101533;0.037690000;390000
VTBR;0;20140425;101533;0.037680000;5000000
VTBR;0;20140425;101533;0.037680000;1200000
VTBR;0;20140425;101533;0.037680000;400000
VTBR;0;20140425;101533;0.037670000;41570000
VTBR;0;20140425;101533;0.037670000;30000
VTBR;0;20140425;101533;0.037670000;800000
VTBR;0;20140425;101533;0.037670000;1000000
VTBR;0;20140425;101533;0.037690000;110000
VTBR;0;20140425;101533;0.037690000;70000
VTBR;0;20140425;101533;0.037690000;60000
VTBR;0;20140425;101534;0.037690000;50000
VTBR;0;20140425;101534;0.037690000;50000
VTBR;0;20140425;101534;0.037690000;60000
VTBR;0;20140425;101539;0.037690000;20000
VTBR;0;20140425;101539;0.037700000;80000
VTBR;0;20140425;101548;0.037700000;220000
VTBR;0;20140425;101556;0.037680000;15000000
VTBR;0;20140425;101556;0.037680000;500000
VTBR;0;20140425;101601;0.037670000;6380000
VTBR;0;20140425;101602;0.037670000;4200000
VTBR;0;20140425;101602;0.037670000;5200000
VTBR;0;20140425;101602;0.037670000;600000
VTBR;0;20140425;101604;0.037670000;110000
VTBR;0;20140425;101604;0.037670000;1520000
VTBR;0;20140425;101604;0.037670000;710000
VTBR;0;20140425;101604;0.037670000;2670000
VTBR;0;20140425;101604;0.037670000;3210000
VTBR;0;20140425;101604;0.037670000;1780000
VTBR;0;20140425;101604;0.037670000;760000
VTBR;0;20140425;101604;0.037670000;230000
VTBR;0;20140425;101605;0.037670000;160000
VTBR;0;20140425;101605;0.037670000;780000
VTBR;0;20140425;101605;0.037680000;16630000
VTBR;0;20140425;101605;0.037670000;23000000
VTBR;0;20140425;101605;0.037670000;8070000
VTBR;0;20140425;101607;0.037680000;150000
VTBR;0;20140425;101615;0.037680000;20000000
VTBR;0;20140425;101617;0.037670000;510000
VTBR;0;20140425;101617;0.037670000;1700000
VTBR;0;20140425;101617;0.037670000;4790000
VTBR;0;20140425;101617;0.037670000;1040000
VTBR;0;20140425;101617;0.037670000;510000
VTBR;0;20140425;101617;0.037670000;450000
VTBR;0;20140425;101617;0.037670000;20000
VTBR;0;20140425;101617;0.037670000;10210000
VTBR;0;20140425;101617;0.037670000;9790000
VTBR;0;20140425;101617;0.037670000;9790000
VTBR;0;20140425;101617;0.037670000;660000
VTBR;0;20140425;101617;0.037670000;660000
VTBR;0;20140425;101617;0.037670000;9550000
VTBR;0;20140425;101617;0.037670000;660000
VTBR;0;20140425;101617;0.037670000;660000
VTBR;0;20140425;101617;0.037670000;660000
VTBR;0;20140425;101617;0.037670000;660000
VTBR;0;20140425;101617;0.037670000;660000
VTBR;0;20140425;101617;0.037670000;660000
VTBR;0;20140425;101617;0.037670000;660000
VTBR;0;20140425;101617;0.037670000;660000
VTBR;0;20140425;101617;0.037670000;660000
VTBR;0;20140425;101617;0.037670000;660000
VTBR;0;20140425;101617;0.037670000;660000
VTBR;0;20140425;101617;0.037670000;450000
VTBR;0;20140425;101617;0.037670000;660000
VTBR;0;20140425;101617;0.037670000;660000
VTBR;0;20140425;101617;0.037670000;80000
VTBR;0;20140425;101618;0.037670000;30230000
VTBR;0;20140425;101618;0.037660000;1770000
VTBR;0;20140425;101618;0.037660000;2000000
VTBR;0;20140425;101619;0.037660000;10000
VTBR;0;20140425;101626;0.037660000;2000000
VTBR;0;20140425;101627;0.037660000;80000
VTBR;0;20140425;101630;0.037660000;500000
VTBR;0;20140425;101630;0.037660000;500000
VTBR;0;20140425;101630;0.037660000;2500000
VTBR;0;20140425;101630;0.037660000;400000
VTBR;0;20140425;101630;0.037660000;500000
VTBR;0;20140425;101630;0.037660000;500000
VTBR;0;20140425;101630;0.037660000;200000
VTBR;0;20140425;101630;0.037660000;500000
VTBR;0;20140425;101630;0.037660000;500000
VTBR;0;20140425;101630;0.037660000;500000
VTBR;0;20140425;101630;0.037660000;500000
VTBR;0;20140425;101630;0.037660000;500000
VTBR;0;20140425;101630;0.037660000;2400000
VTBR;0;20140425;101631;0.037670000;50000
VTBR;0;20140425;101633;0.037670000;1700000
VTBR;0;20140425;101634;0.037660000;10000000
VTBR;0;20140425;101638;0.037660000;40000000
VTBR;0;20140425;101639;0.037660000;8000000
VTBR;0;20140425;101640;0.037670000;20000
VTBR;0;20140425;101642;0.037660000;10000000
VTBR;0;20140425;101643;0.037670000;20000
VTBR;0;20140425;101643;0.037660000;80000
VTBR;0;20140425;101643;0.037660000;20000
VTBR;0;20140425;101643;0.037660000;10010000
VTBR;0;20140425;101643;0.037660000;5030000
VTBR;0;20140425;101643;0.037660000;1000000
VTBR;0;20140425;101643;0.037660000;20000
VTBR;0;20140425;101644;0.037650000;1300000
VTBR;0;20140425;101647;0.037660000;20000
VTBR;0;20140425;101650;0.037650000;640000
VTBR;0;20140425;101651;0.037660000;20000
VTBR;0;20140425;101652;0.037650000;5070000
VTBR;0;20140425;101652;0.037650000;50000
VTBR;0;20140425;101652;0.037650000;10000
VTBR;0;20140425;101652;0.037640000;9870000
VTBR;0;20140425;101653;0.037630000;1320000
VTBR;0;20140425;101653;0.037630000;20000
VTBR;0;20140425;101653;0.037620000;10000
VTBR;0;20140425;101653;0.037620000;500000
VTBR;0;20140425;101653;0.037610000;20000
VTBR;0;20140425;101653;0.037610000;50000
VTBR;0;20140425;101653;0.037610000;80000
VTBR;0;20140425;101655;0.037650000;20000
VTBR;0;20140425;101703;0.037620000;1000000
VTBR;0;20140425;101713;0.037640000;20000
VTBR;0;20140425;101713;0.037620000;20000
VTBR;0;20140425;101713;0.037610000;270000
VTBR;0;20140425;101713;0.037610000;710000
VTBR;0;20140425;101716;0.037610000;20000
VTBR;0;20140425;101716;0.037610000;4270000
VTBR;0;20140425;101716;0.037610000;890000
VTBR;0;20140425;101716;0.037610000;2710000
VTBR;0;20140425;101717;0.037600000;2000000
VTBR;0;20140425;101717;0.037600000;10000
VTBR;0;20140425;101717;0.037600000;500000
VTBR;0;20140425;101717;0.037600000;3000000
VTBR;0;20140425;101717;0.037600000;34490000
VTBR;0;20140425;101717;0.037600000;2960000
VTBR;0;20140425;101717;0.037600000;8460000
VTBR;0;20140425;101717;0.037600000;3230000
VTBR;0;20140425;101717;0.037600000;70000
VTBR;0;20140425;101717;0.037600000;790000
VTBR;0;20140425;101718;0.037610000;20000
VTBR;0;20140425;101720;0.037610000;1140000
VTBR;0;20140425;101720;0.037620000;3670000
VTBR;0;20140425;101720;0.037620000;480000
VTBR;0;20140425;101720;0.037620000;400000
VTBR;0;20140425;101720;0.037630000;9310000
VTBR;0;20140425;101726;0.037600000;20000
VTBR;0;20140425;101726;0.037600000;20000
VTBR;0;20140425;101726;0.037590000;20000
VTBR;0;20140425;101726;0.037590000;940000
VTBR;0;20140425;101737;0.037590000;15000000
VTBR;0;20140425;101741;0.037590000;20000
VTBR;0;20140425;101741;0.037590000;1500000
VTBR;0;20140425;101741;0.037580000;100000
VTBR;0;20140425;101741;0.037580000;20000
VTBR;0;20140425;101741;0.037580000;50000
VTBR;0;20140425;101741;0.037580000;310000
VTBR;0;20140425;101741;0.037600000;400000
VTBR;0;20140425;101744;0.037590000;660000
VTBR;0;20140425;101746;0.037580000;690000
VTBR;0;20140425;101746;0.037580000;50000
VTBR;0;20140425;101746;0.037580000;20000
VTBR;0;20140425;101746;0.037570000;50000
VTBR;0;20140425;101746;0.037570000;50000
VTBR;0;20140425;101746;0.037570000;1000000
VTBR;0;20140425;101746;0.037570000;2640000
VTBR;0;20140425;101746;0.037570000;80000
VTBR;0;20140425;101746;0.037570000;20000
VTBR;0;20140425;101746;0.037570000;20000
VTBR;0;20140425;101750;0.037560000;290000
VTBR;0;20140425;101750;0.037560000;5400000
VTBR;0;20140425;101752;0.037560000;5360000
VTBR;0;20140425;101752;0.037560000;2950000
VTBR;0;20140425;101752;0.037560000;20000
VTBR;0;20140425;101752;0.037550000;10000
VTBR;0;20140425;101752;0.037550000;10000
VTBR;0;20140425;101752;0.037550000;50000
VTBR;0;20140425;101752;0.037550000;2660000
VTBR;0;20140425;101752;0.037540000;50000
VTBR;0;20140425;101752;0.037540000;10000
VTBR;0;20140425;101752;0.037540000;5000000
VTBR;0;20140425;101752;0.037530000;10000
VTBR;0;20140425;101752;0.037530000;20000
VTBR;0;20140425;101752;0.037530000;10000000
VTBR;0;20140425;101752;0.037530000;3100000
VTBR;0;20140425;101752;0.037530000;2000000
VTBR;0;20140425;101752;0.037530000;200000
VTBR;0;20140425;101752;0.037530000;40000
VTBR;0;20140425;101752;0.037520000;2600000
VTBR;0;20140425;101752;0.037520000;50000
VTBR;0;20140425;101752;0.037520000;10000
VTBR;0;20140425;101752;0.037520000;1320000
VTBR;0;20140425;101752;0.037520000;40000
VTBR;0;20140425;101752;0.037520000;3000000
VTBR;0;20140425;101752;0.037520000;350000
VTBR;0;20140425;101752;0.037520000;2670000
VTBR;0;20140425;101752;0.037520000;900000
VTBR;0;20140425;101752;0.037510000;210000
VTBR;0;20140425;101752;0.037510000;100000
VTBR;0;20140425;101752;0.037510000;50000
VTBR;0;20140425;101752;0.037510000;10000
VTBR;0;20140425;101752;0.037510000;2000000
VTBR;0;20140425;101752;0.037510000;1000000
VTBR;0;20140425;101752;0.037510000;41180000
VTBR;0;20140425;101752;0.037510000;3000000
VTBR;0;20140425;101752;0.037510000;30000
VTBR;0;20140425;101752;0.037510000;5000000
VTBR;0;20140425;101752;0.037510000;50000
VTBR;0;20140425;101752;0.037510000;40000
VTBR;0;20140425;101752;0.037510000;2670000
VTBR;0;20140425;101752;0.037510000;2650000
VTBR;0;20140425;101752;0.037540000;770000
VTBR;0;20140425;101752;0.037540000;940000
VTBR;0;20140425;101753;0.037530000;700000
VTBR;0;20140425;101753;0.037530000;30000
VTBR;0;20140425;101753;0.037530000;380000
VTBR;0;20140425;101754;0.037530000;200000
VTBR;0;20140425;101754;0.037520000;5000000
VTBR;0;20140425;101754;0.037510000;3000000
VTBR;0;20140425;101755;0.037520000;2100000
VTBR;0;20140425;101755;0.037530000;90000
VTBR;0;20140425;101755;0.037530000;830000
VTBR;0;20140425;101755;0.037530000;830000
VTBR;0;20140425;101755;0.037530000;830000
VTBR;0;20140425;101755;0.037530000;110000
VTBR;0;20140425;101757;0.037540000;70000
VTBR;0;20140425;101757;0.037540000;100000
VTBR;0;20140425;101758;0.037540000;90000
VTBR;0;20140425;101758;0.037540000;190000
VTBR;0;20140425;101758;0.037540000;130000
VTBR;0;20140425;101758;0.037540000;10000
VTBR;0;20140425;101800;0.037530000;12000000
VTBR;0;20140425;101802;0.037560000;5000000
VTBR;0;20140425;101806;0.037550000;20000
VTBR;0;20140425;101806;0.037550000;10000
VTBR;0;20140425;101806;0.037550000;10000
VTBR;0;20140425;101807;0.037550000;10000
VTBR;0;20140425;101807;0.037550000;10000
VTBR;0;20140425;101807;0.037550000;10000
VTBR;0;20140425;101807;0.037550000;1930000
VTBR;0;20140425;101807;0.037530000;3000000
VTBR;0;20140425;101807;0.037530000;10000
VTBR;0;20140425;101807;0.037530000;20000
VTBR;0;20140425;101807;0.037520000;2900000
VTBR;0;20140425;101807;0.037520000;20000
VTBR;0;20140425;101807;0.037520000;300000
VTBR;0;20140425;101807;0.037510000;3820000
VTBR;0;20140425;101813;0.037520000;12000000
VTBR;0;20140425;101813;0.037540000;260000
VTBR;0;20140425;101819;0.037530000;130000
VTBR;0;20140425;101819;0.037520000;2330000
VTBR;0;20140425;101819;0.037520000;2670000
VTBR;0;20140425;101819;0.037530000;2370000
VTBR;0;20140425;101819;0.037540000;2630000
VTBR;0;20140425;101820;0.037510000;37000000
VTBR;0;20140425;101820;0.037510000;8000000
VTBR;0;20140425;101820;0.037510000;5000000
VTBR;0;20140425;101820;0.037510000;3530000
VTBR;0;20140425;101821;0.037510000;12000000
VTBR;0;20140425;101823;0.037510000;1020000
VTBR;0;20140425;101823;0.037510000;490000
VTBR;0;20140425;101823;0.037510000;1550000
VTBR;0;20140425;101823;0.037510000;6410000
VTBR;0;20140425;101823;0.037510000;117450000
VTBR;0;20140425;101823;0.037510000;1710000
VTBR;0;20140425;101825;0.037510000;10000000
VTBR;0;20140425;101825;0.037510000;5000000
VTBR;0;20140425;101826;0.037540000;130000
VTBR;0;20140425;101828;0.037530000;260000
VTBR;0;20140425;101829;0.037530000;390000
VTBR;0;20140425;101829;0.037520000;200000
VTBR;0;20140425;101833;0.037530000;990000
VTBR;0;20140425;101833;0.037530000;510000
VTBR;0;20140425;101833;0.037520000;500000
VTBR;0;20140425;101833;0.037520000;500000
VTBR;0;20140425;101833;0.037520000;270000
VTBR;0;20140425;101833;0.037520000;190000
VTBR;0;20140425;101833;0.037520000;20000
VTBR;0;20140425;101833;0.037520000;4020000
VTBR;0;20140425;101833;0.037520000;10000
VTBR;0;20140425;101833;0.037510000;50000
VTBR;0;20140425;101834;0.037510000;50000
VTBR;0;20140425;101834;0.037510000;250000
VTBR;0;20140425;101835;0.037510000;420000
VTBR;0;20140425;101835;0.037510000;70000
VTBR;0;20140425;101835;0.037510000;30000
VTBR;0;20140425;101837;0.037510000;1000000
VTBR;0;20140425;101840;0.037510000;1000000
VTBR;0;20140425;101841;0.037510000;12000000
VTBR;0;20140425;101841;0.037510000;10660000
VTBR;0;20140425;101841;0.037510000;10660000
VTBR;0;20140425;101841;0.037510000;4650000
VTBR;0;20140425;101841;0.037510000;6010000
VTBR;0;20140425;101841;0.037510000;660000
VTBR;0;20140425;101841;0.037510000;660000
VTBR;0;20140425;101841;0.037510000;660000
VTBR;0;20140425;101841;0.037510000;660000
VTBR;0;20140425;101841;0.037510000;660000
VTBR;0;20140425;101841;0.037510000;660000
VTBR;0;20140425;101841;0.037510000;660000
VTBR;0;20140425;101841;0.037510000;60000
VTBR;0;20140425;101841;0.037510000;660000
VTBR;0;20140425;101841;0.037510000;540000
VTBR;0;20140425;101841;0.037520000;10000
VTBR;0;20140425;101842;0.037510000;220000
VTBR;0;20140425;101844;0.037520000;4000000
VTBR;0;20140425;101845;0.037510000;70000
VTBR;0;20140425;101846;0.037510000;2500000
VTBR;0;20140425;101848;0.037510000;1000000
VTBR;0;20140425;101849;0.037510000;2000000
VTBR;0;20140425;101850;0.037520000;1500000
VTBR;0;20140425;101851;0.037510000;2000000
VTBR;0;20140425;101851;0.037510000;2000000
VTBR;0;20140425;101851;0.037510000;1400000
VTBR;0;20140425;101852;0.037510000;3000000
VTBR;0;20140425;101853;0.037510000;20000
VTBR;0;20140425;101854;0.037520000;20000
VTBR;0;20140425;101901;0.037510000;2000000
VTBR;0;20140425;101901;0.037510000;150000
VTBR;0;20140425;101902;0.037520000;10000
VTBR;0;20140425;101902;0.037510000;120000
VTBR;0;20140425;101902;0.037510000;2000000
VTBR;0;20140425;101903;0.037510000;2000000
VTBR;0;20140425;101903;0.037510000;70000
VTBR;0;20140425;101903;0.037510000;160000
VTBR;0;20140425;101903;0.037510000;160000
VTBR;0;20140425;101904;0.037510000;140000
VTBR;0;20140425;101904;0.037510000;2000000
VTBR;0;20140425;101904;0.037510000;140000
VTBR;0;20140425;101904;0.037510000;20000
VTBR;0;20140425;101905;0.037520000;2430000
VTBR;0;20140425;101905;0.037520000;2010000
VTBR;0;20140425;101905;0.037520000;440000
VTBR;0;20140425;101905;0.037520000;120000
VTBR;0;20140425;101916;0.037510000;30000000
VTBR;0;20140425;101918;0.037510000;1000000
VTBR;0;20140425;101919;0.037510000;50000000
VTBR;0;20140425;101919;0.037510000;3940000
VTBR;0;20140425;101922;0.037510000;3850000
VTBR;0;20140425;101923;0.037510000;430000
VTBR;0;20140425;101923;0.037510000;7970000
VTBR;0;20140425;101925;0.037510000;2000000
VTBR;0;20140425;101926;0.037510000;2000000
VTBR;0;20140425;101928;0.037520000;30000
VTBR;0;20140425;101929;0.037510000;3000000
VTBR;0;20140425;101929;0.037510000;280000
VTBR;0;20140425;101929;0.037510000;20000
VTBR;0;20140425;101930;0.037510000;1000000
VTBR;0;20140425;101930;0.037510000;9340000
VTBR;0;20140425;101931;0.037510000;70000
VTBR;0;20140425;101931;0.037510000;40000
VTBR;0;20140425;101931;0.037510000;70000
VTBR;0;20140425;101931;0.037510000;90000
VTBR;0;20140425;101931;0.037510000;140000
VTBR;0;20140425;101931;0.037510000;90000
VTBR;0;20140425;101931;0.037510000;20000
VTBR;0;20140425;101933;0.037510000;2000000
VTBR;0;20140425;101934;0.037510000;5000000
VTBR;0;20140425;101934;0.037510000;2000000
VTBR;0;20140425;101935;0.037510000;2000000
VTBR;0;20140425;101936;0.037510000;1810000
VTBR;0;20140425;101936;0.037510000;40000
VTBR;0;20140425;101936;0.037510000;2000000
VTBR;0;20140425;101937;0.037510000;2000000
VTBR;0;20140425;101938;0.037510000;1000000
VTBR;0;20140425;101938;0.037510000;2000000
VTBR;0;20140425;101941;0.037520000;5000000
VTBR;0;20140425;101942;0.037510000;80000
VTBR;0;20140425;101942;0.037510000;80000
VTBR;0;20140425;101943;0.037510000;90000
VTBR;0;20140425;101943;0.037510000;80000
VTBR;0;20140425;101943;0.037510000;80000
VTBR;0;20140425;101943;0.037510000;20000
VTBR;0;20140425;101943;0.037510000;80000
VTBR;0;20140425;101945;0.037510000;150000
VTBR;0;20140425;101945;0.037510000;70000
VTBR;0;20140425;101945;0.037510000;20000
VTBR;0;20140425;101945;0.037520000;2940000
VTBR;0;20140425;101945;0.037520000;2060000
VTBR;0;20140425;101946;0.037510000;5000000
VTBR;0;20140425;101946;0.037510000;130000
VTBR;0;20140425;101947;0.037520000;50000
VTBR;0;20140425;101948;0.037510000;30000
VTBR;0;20140425;101948;0.037520000;5000000
VTBR;0;20140425;101949;0.037510000;60000
VTBR;0;20140425;101951;0.037510000;250000
VTBR;0;20140425;101951;0.037510000;1000000
VTBR;0;20140425;101951;0.037510000;2000000
VTBR;0;20140425;101952;0.037510000;60000
VTBR;0;20140425;101953;0.037510000;20000000
VTBR;0;20140425;101954;0.037510000;100000
VTBR;0;20140425;101954;0.037510000;360000
VTBR;0;20140425;101954;0.037510000;10000
VTBR;0;20140425;101954;0.037510000;30000
VTBR;0;20140425;101954;0.037510000;1000000
VTBR;0;20140425;101955;0.037510000;200000
VTBR;0;20140425;101955;0.037510000;20000
VTBR;0;20140425;101955;0.037510000;20000
VTBR;0;20140425;101955;0.037510000;90000
VTBR;0;20140425;101956;0.037510000;60000
VTBR;0;20140425;101956;0.037510000;70000
VTBR;0;20140425;101956;0.037510000;20000
VTBR;0;20140425;101956;0.037510000;20000
VTBR;0;20140425;101956;0.037510000;2670000
VTBR;0;20140425;101957;0.037510000;350000
VTBR;0;20140425;101957;0.037510000;110000
VTBR;0;20140425;101957;0.037510000;110000
VTBR;0;20140425;101957;0.037510000;20000
VTBR;0;20140425;101957;0.037510000;110000
VTBR;0;20140425;101957;0.037510000;30000
VTBR;0;20140425;101957;0.037510000;80000
VTBR;0;20140425;101957;0.037510000;80000
VTBR;0;20140425;101957;0.037510000;100000
VTBR;0;20140425;101957;0.037510000;100000
VTBR;0;20140425;101957;0.037510000;60000
VTBR;0;20140425;101957;0.037510000;20000
VTBR;0;20140425;101957;0.037510000;60000
VTBR;0;20140425;101957;0.037510000;8000000
VTBR;0;20140425;101958;0.037510000;8000000
VTBR;0;20140425;101959;0.037510000;3600000
VTBR;0;20140425;101959;0.037510000;50000
VTBR;0;20140425;101959;0.037510000;60000
VTBR;0;20140425;102001;0.037510000;1500000
VTBR;0;20140425;102002;0.037520000;10000
VTBR;0;20140425;102002;0.037520000;50000
VTBR;0;20140425;102003;0.037520000;2000000
VTBR;0;20140425;102004;0.037510000;60000
VTBR;0;20140425;102005;0.037510000;1700000
VTBR;0;20140425;102010;0.037510000;10000
VTBR;0;20140425;102014;0.037520000;10000
VTBR;0;20140425;102015;0.037510000;7900000
VTBR;0;20140425;102015;0.037510000;100000
VTBR;0;20140425;102017;0.037510000;1000000
VTBR;0;20140425;102017;0.037510000;12000000
VTBR;0;20140425;102018;0.037510000;8000000
VTBR;0;20140425;102019;0.037510000;50000
VTBR;0;20140425;102019;0.037510000;20000
VTBR;0;20140425;102019;0.037510000;60000
VTBR;0;20140425;102019;0.037510000;90000
VTBR;0;20140425;102020;0.037510000;2000000
VTBR;0;20140425;102021;0.037510000;470000
VTBR;0;20140425;102021;0.037500000;20000
VTBR;0;20140425;102021;0.037500000;100000
VTBR;0;20140425;102021;0.037500000;80000
VTBR;0;20140425;102021;0.037500000;20000
VTBR;0;20140425;102021;0.037500000;20000
VTBR;0;20140425;102021;0.037500000;40000
VTBR;0;20140425;102021;0.037500000;400000
VTBR;0;20140425;102021;0.037500000;1000000
VTBR;0;20140425;102021;0.037500000;250000
VTBR;0;20140425;102021;0.037500000;6000000
VTBR;0;20140425;102021;0.037500000;290000
VTBR;0;20140425;102021;0.037500000;9710000
VTBR;0;20140425;102021;0.037500000;290000
VTBR;0;20140425;102021;0.037500000;100000
VTBR;0;20140425;102021;0.037500000;610000
VTBR;0;20140425;102021;0.037500000;2000000
VTBR;0;20140425;102021;0.037500000;100000
VTBR;0;20140425;102021;0.037500000;100000
VTBR;0;20140425;102021;0.037500000;1050000
VTBR;0;20140425;102021;0.037500000;30000
VTBR;0;20140425;102021;0.037500000;10000
VTBR;0;20140425;102021;0.037500000;2000000
VTBR;0;20140425;102021;0.037500000;10000
VTBR;0;20140425;102021;0.037500000;3000000
VTBR;0;20140425;102021;0.037490000;10000
VTBR;0;20140425;102021;0.037490000;10000
VTBR;0;20140425;102021;0.037490000;20000
VTBR;0;20140425;102021;0.037490000;10000
VTBR;0;20140425;102022;0.037480000;40000
VTBR;0;20140425;102022;0.037470000;40000
VTBR;0;20140425;102022;0.037470000;200000
VTBR;0;20140425;102022;0.037470000;50000
VTBR;0;20140425;102022;0.037470000;1500000
VTBR;0;20140425;102022;0.037460000;40000
VTBR;0;20140425;102022;0.037460000;3130000
VTBR;0;20140425;102023;0.037450000;10000
VTBR;0;20140425;102023;0.037450000;40000
VTBR;0;20140425;102023;0.037450000;10000
VTBR;0;20140425;102023;0.037450000;10000
VTBR;0;20140425;102024;0.037460000;100000
VTBR;0;20140425;102024;0.037450000;500000
VTBR;0;20140425;102028;0.037460000;10000
VTBR;0;20140425;102028;0.037470000;10000
VTBR;0;20140425;102029;0.037460000;10000
VTBR;0;20140425;102029;0.037470000;10000
VTBR;0;20140425;102030;0.037470000;10000
VTBR;0;20140425;102030;0.037470000;1250000
VTBR;0;20140425;102030;0.037470000;680000
VTBR;0;20140425;102030;0.037470000;320000
VTBR;0;20140425;102030;0.037470000;1750000
VTBR;0;20140425;102031;0.037460000;10000
VTBR;0;20140425;102031;0.037470000;10000
VTBR;0;20140425;102032;0.037460000;10000
VTBR;0;20140425;102033;0.037460000;3000000
VTBR;0;20140425;102033;0.037480000;3130000
VTBR;0;20140425;102033;0.037490000;1870000
VTBR;0;20140425;102033;0.037470000;10000
VTBR;0;20140425;102034;0.037460000;10000
VTBR;0;20140425;102036;0.037460000;10000
VTBR;0;20140425;102037;0.037470000;10000
VTBR;0;20140425;102037;0.037480000;10000
VTBR;0;20140425;102037;0.037480000;500000
VTBR;0;20140425;102037;0.037490000;760000
VTBR;0;20140425;102037;0.037490000;3670000
VTBR;0;20140425;102037;0.037500000;50000
VTBR;0;20140425;102038;0.037470000;10000
VTBR;0;20140425;102038;0.037470000;30000
VTBR;0;20140425;102038;0.037460000;5920000
VTBR;0;20140425;102038;0.037460000;6020000
VTBR;0;20140425;102039;0.037450000;10000
VTBR;0;20140425;102039;0.037450000;10000
VTBR;0;20140425;102040;0.037450000;10000
VTBR;0;20140425;102040;0.037460000;3980000
VTBR;0;20140425;102040;0.037470000;1020000
VTBR;0;20140425;102044;0.037450000;10000
VTBR;0;20140425;102045;0.037450000;10000
VTBR;0;20140425;102045;0.037450000;10000
VTBR;0;20140425;102045;0.037450000;10000
VTBR;0;20140425;102046;0.037450000;10000
VTBR;0;20140425;102046;0.037450000;10000
VTBR;0;20140425;102046;0.037450000;10000
VTBR;0;20140425;102046;0.037450000;10000
VTBR;0;20140425;102046;0.037450000;10000
VTBR;0;20140425;102049;0.037450000;10000
VTBR;0;20140425;102049;0.037450000;50000
VTBR;0;20140425;102050;0.037450000;10000
VTBR;0;20140425;102051;0.037450000;4300000
VTBR;0;20140425;102051;0.037450000;10000
VTBR;0;20140425;102051;0.037450000;10000
VTBR;0;20140425;102051;0.037450000;680000
VTBR;0;20140425;102052;0.037450000;10000
VTBR;0;20140425;102053;0.037450000;5000000
VTBR;0;20140425;102053;0.037450000;5030000
VTBR;0;20140425;102053;0.037450000;1640000
VTBR;0;20140425;102054;0.037440000;10000
VTBR;0;20140425;102055;0.037440000;10000
VTBR;0;20140425;102056;0.037440000;20000
VTBR;0;20140425;102056;0.037440000;10000
VTBR;0;20140425;102056;0.037440000;10000
VTBR;0;20140425;102056;0.037440000;10000
VTBR;0;20140425;102056;0.037440000;10000
VTBR;0;20140425;102056;0.037440000;10000
VTBR;0;20140425;102057;0.037440000;10000
VTBR;0;20140425;102058;0.037440000;10000
VTBR;0;20140425;102059;0.037440000;10000
VTBR;0;20140425;102100;0.037440000;10000
VTBR;0;20140425;102101;0.037440000;10000
VTBR;0;20140425;102102;0.037450000;200000
VTBR;0;20140425;102102;0.037450000;3130000
VTBR;0;20140425;102102;0.037440000;10000
VTBR;0;20140425;102103;0.037450000;10000
VTBR;0;20140425;102105;0.037450000;10000
VTBR;0;20140425;102106;0.037460000;10000
VTBR;0;20140425;102106;0.037460000;990000
VTBR;0;20140425;102106;0.037450000;500000
VTBR;0;20140425;102107;0.037450000;10000
VTBR;0;20140425;102109;0.037450000;10000
VTBR;0;20140425;102110;0.037450000;10000
VTBR;0;20140425;102112;0.037460000;15000000
VTBR;0;20140425;102112;0.037450000;10000
VTBR;0;20140425;102113;0.037450000;10000
VTBR;0;20140425;102114;0.037460000;2000000
VTBR;0;20140425;102115;0.037450000;1500000
VTBR;0;20140425;102116;0.037460000;4000000
VTBR;0;20140425;102118;0.037450000;1930000
VTBR;0;20140425;102118;0.037450000;830000
VTBR;0;20140425;102119;0.037460000;210000
VTBR;0;20140425;102119;0.037460000;1000000
VTBR;0;20140425;102119;0.037460000;500000
VTBR;0;20140425;102120;0.037460000;2500000
VTBR;0;20140425;102121;0.037470000;700000
VTBR;0;20140425;102121;0.037470000;2500000
VTBR;0;20140425;102122;0.037480000;1500000
VTBR;0;20140425;102122;0.037480000;5000000
VTBR;0;20140425;102123;0.037470000;1380000
VTBR;0;20140425;102125;0.037480000;1470000
VTBR;0;20140425;102125;0.037490000;420000
VTBR;0;20140425;102125;0.037490000;10000
VTBR;0;20140425;102125;0.037500000;2660000
VTBR;0;20140425;102125;0.037500000;80000
VTBR;0;20140425;102125;0.037500000;1920000
VTBR;0;20140425;102125;0.037500000;8080000
VTBR;0;20140425;102129;0.037500000;6800000
VTBR;0;20140425;102129;0.037500000;10000000
VTBR;0;20140425;102130;0.037500000;120000
VTBR;0;20140425;102130;0.037500000;9880000
VTBR;0;20140425;102131;0.037500000;2120000
VTBR;0;20140425;102132;0.037510000;4860000
VTBR;0;20140425;102136;0.037510000;1000000
VTBR;0;20140425;102139;0.037520000;2820000
VTBR;0;20140425;102139;0.037520000;2180000
VTBR;0;20140425;102140;0.037510000;10000
VTBR;0;20140425;102142;0.037510000;50000
VTBR;0;20140425;102142;0.037510000;60000
VTBR;0;20140425;102142;0.037510000;90000
VTBR;0;20140425;102142;0.037510000;80000
VTBR;0;20140425;102142;0.037510000;80000
VTBR;0;20140425;102143;0.037510000;50000
VTBR;0;20140425;102144;0.037510000;130000
VTBR;0;20140425;102144;0.037520000;30000
VTBR;0;20140425;102145;0.037520000;2790000
VTBR;0;20140425;102145;0.037520000;1000000
VTBR;0;20140425;102145;0.037520000;1000000
VTBR;0;20140425;102145;0.037520000;500000
VTBR;0;20140425;102145;0.037520000;1000000
VTBR;0;20140425;102145;0.037530000;200000
VTBR;0;20140425;102145;0.037530000;2650000
VTBR;0;20140425;102145;0.037530000;860000
VTBR;0;20140425;102146;0.037520000;790000
VTBR;0;20140425;102148;0.037510000;20000
VTBR;0;20140425;102148;0.037510000;80000
VTBR;0;20140425;102154;0.037520000;10000
VTBR;0;20140425;102157;0.037510000;2400000
VTBR;0;20140425;102157;0.037500000;15000000
VTBR;0;20140425;102157;0.037490000;3670000
VTBR;0;20140425;102157;0.037490000;1000000
VTBR;0;20140425;102157;0.037490000;5000000
VTBR;0;20140425;102157;0.037480000;14430000
VTBR;0;20140425;102202;0.037510000;40000
VTBR;0;20140425;102203;0.037520000;120000
VTBR;0;20140425;102203;0.037520000;680000
VTBR;0;20140425;102203;0.037520000;1070000
VTBR;0;20140425;102203;0.037520000;20000
VTBR;0;20140425;102203;0.037520000;1070000
VTBR;0;20140425;102203;0.037520000;1430000
VTBR;0;20140425;102203;0.037520000;1000000
VTBR;0;20140425;102203;0.037520000;100000
VTBR;0;20140425;102203;0.037520000;1230000
VTBR;0;20140425;102203;0.037520000;250000
VTBR;0;20140425;102203;0.037520000;10000
VTBR;0;20140425;102203;0.037520000;140000
VTBR;0;20140425;102203;0.037520000;430000
VTBR;0;20140425;102203;0.037520000;5890000
VTBR;0;20140425;102204;0.037520000;20000
VTBR;0;20140425;102206;0.037520000;2820000
VTBR;0;20140425;102206;0.037520000;2180000
VTBR;0;20140425;102207;0.037530000;800000
VTBR;0;20140425;102207;0.037530000;1000000
VTBR;0;20140425;102209;0.037520000;10000
VTBR;0;20140425;102209;0.037520000;500000
VTBR;0;20140425;102209;0.037520000;400000
VTBR;0;20140425;102209;0.037510000;9090000
VTBR;0;20140425;102210;0.037530000;160000
VTBR;0;20140425;102210;0.037530000;340000
VTBR;0;20140425;102210;0.037540000;660000
VTBR;0;20140425;102214;0.037510000;3000000
VTBR;0;20140425;102219;0.037540000;1000000
VTBR;0;20140425;102224;0.037540000;3660000
VTBR;0;20140425;102224;0.037540000;2650000
VTBR;0;20140425;102225;0.037550000;100000
VTBR;0;20140425;102225;0.037550000;2000000
VTBR;0;20140425;102225;0.037550000;5500000
VTBR;0;20140425;102225;0.037560000;3670000
VTBR;0;20140425;102225;0.037560000;500000
VTBR;0;20140425;102225;0.037560000;4140000
VTBR;0;20140425;102226;0.037560000;15000000
VTBR;0;20140425;102228;0.037560000;10000
VTBR;0;20140425;102231;0.037570000;990000
VTBR;0;20140425;102233;0.037570000;1700000
VTBR;0;20140425;102234;0.037570000;1500000
VTBR;0;20140425;102235;0.037570000;23950000
VTBR;0;20140425;102235;0.037570000;1860000
VTBR;0;20140425;102235;0.037570000;1170000
VTBR;0;20140425;102235;0.037570000;840000
VTBR;0;20140425;102235;0.037570000;350000
VTBR;0;20140425;102235;0.037570000;17520000
VTBR;0;20140425;102235;0.037570000;2500000
VTBR;0;20140425;102235;0.037570000;1320000
VTBR;0;20140425;102235;0.037570000;7790000
VTBR;0;20140425;102236;0.037570000;23950000
VTBR;0;20140425;102236;0.037570000;1270000
VTBR;0;20140425;102236;0.037570000;700000
VTBR;0;20140425;102236;0.037570000;460000
VTBR;0;20140425;102236;0.037570000;220000
VTBR;0;20140425;102236;0.037570000;220000
VTBR;0;20140425;102236;0.037570000;14290000
VTBR;0;20140425;102236;0.037570000;12180000
VTBR;0;20140425;102237;0.037560000;15000000
VTBR;0;20140425;102237;0.037560000;2500000
VTBR;0;20140425;102237;0.037550000;1100000
VTBR;0;20140425;102237;0.037550000;10000000
VTBR;0;20140425;102237;0.037550000;5000000
VTBR;0;20140425;102237;0.037540000;15000000
VTBR;0;20140425;102237;0.037520000;4000000
VTBR;0;20140425;102237;0.037520000;20000
VTBR;0;20140425;102237;0.037510000;2870000
VTBR;0;20140425;102237;0.037510000;5000000
VTBR;0;20140425;102237;0.037510000;5070000
VTBR;0;20140425;102237;0.037500000;1000000
VTBR;0;20140425;102237;0.037500000;2160000
VTBR;0;20140425;102238;0.037520000;5000000
VTBR;0;20140425;102238;0.037520000;1000000
VTBR;0;20140425;102238;0.037510000;3670000
VTBR;0;20140425;102238;0.037500000;2330000
VTBR;0;20140425;102239;0.037530000;100000
VTBR;0;20140425;102241;0.037530000;200000
VTBR;0;20140425;102245;0.037530000;1000000
VTBR;0;20140425;102245;0.037530000;130000
VTBR;0;20140425;102251;0.037520000;1000000
VTBR;0;20140425;102255;0.037530000;30000
VTBR;0;20140425;102257;0.037500000;50000
VTBR;0;20140425;102258;0.037520000;2000000
VTBR;0;20140425;102306;0.037500000;5460000
VTBR;0;20140425;102306;0.037500000;5000000
VTBR;0;20140425;102306;0.037500000;800000
VTBR;0;20140425;102306;0.037490000;40000
VTBR;0;20140425;102306;0.037490000;10000
VTBR;0;20140425;102306;0.037490000;290000
VTBR;0;20140425;102320;0.037490000;170000
VTBR;0;20140425;102320;0.037480000;630000
VTBR;0;20140425;102323;0.037480000;4940000
VTBR;0;20140425;102323;0.037480000;80000
VTBR;0;20140425;102323;0.037470000;1000000
VTBR;0;20140425;102323;0.037470000;50000
VTBR;0;20140425;102323;0.037470000;5000000
VTBR;0;20140425;102323;0.037460000;930000
VTBR;0;20140425;102324;0.037470000;1450000
VTBR;0;20140425;102324;0.037470000;20000
VTBR;0;20140425;102324;0.037470000;240000
VTBR;0;20140425;102324;0.037470000;230000
VTBR;0;20140425;102327;0.037470000;190000
VTBR;0;20140425;102330;0.037470000;190000
VTBR;0;20140425;102335;0.037490000;2580000
VTBR;0;20140425;102342;0.037480000;4000000
VTBR;0;20140425;102356;0.037480000;100000
VTBR;0;20140425;102356;0.037460000;1570000
VTBR;0;20140425;102356;0.037460000;10000
VTBR;0;20140425;102357;0.037450000;3000000
VTBR;0;20140425;102357;0.037450000;1000000
VTBR;0;20140425;102357;0.037450000;10000
VTBR;0;20140425;102357;0.037450000;990000
VTBR;0;20140425;102358;0.037450000;10000
VTBR;0;20140425;102358;0.037450000;4990000
VTBR;0;20140425;102402;0.037470000;100000
VTBR;0;20140425;102414;0.037470000;830000
VTBR;0;20140425;102414;0.037470000;830000
VTBR;0;20140425;102417;0.037470000;1200000
VTBR;0;20140425;102417;0.037460000;10800000
VTBR;0;20140425;102418;0.037470000;500000
VTBR;0;20140425;102424;0.037470000;14500000
VTBR;0;20140425;102424;0.037480000;3330000
VTBR;0;20140425;102431;0.037460000;280000
VTBR;0;20140425;102431;0.037460000;720000
VTBR;0;20140425;102437;0.037470000;15000000
VTBR;0;20140425;102437;0.037470000;15000000
VTBR;0;20140425;102439;0.037470000;15000000
VTBR;0;20140425;102439;0.037480000;830000
VTBR;0;20140425;102439;0.037480000;740000
VTBR;0;20140425;102439;0.037490000;500000
VTBR;0;20140425;102443;0.037500000;350000
VTBR;0;20140425;102443;0.037500000;20000
VTBR;0;20140425;102443;0.037510000;3670000
VTBR;0;20140425;102443;0.037520000;960000
VTBR;0;20140425;102443;0.037510000;530000
VTBR;0;20140425;102443;0.037510000;140000
VTBR;0;20140425;102443;0.037510000;80000
VTBR;0;20140425;102445;0.037510000;5000000
VTBR;0;20140425;102446;0.037490000;3000000
VTBR;0;20140425;102447;0.037490000;130000
VTBR;0;20140425;102447;0.037490000;10000000
VTBR;0;20140425;102451;0.037500000;20000
VTBR;0;20140425;102454;0.037480000;100000
VTBR;0;20140425;102454;0.037480000;500000
VTBR;0;20140425;102456;0.037490000;12000000
VTBR;0;20140425;102457;0.037490000;10000000
VTBR;0;20140425;102458;0.037500000;14980000
VTBR;0;20140425;102458;0.037500000;4000000
VTBR;0;20140425;102501;0.037530000;90000
VTBR;0;20140425;102505;0.037530000;20000
VTBR;0;20140425;102506;0.037510000;1000000
VTBR;0;20140425;102517;0.037530000;20000
VTBR;0;20140425;102519;0.037510000;800000
VTBR;0;20140425;102525;0.037510000;4200000
VTBR;0;20140425;102525;0.037510000;3660000
VTBR;0;20140425;102525;0.037500000;8890000
VTBR;0;20140425;102527;0.037510000;1000000
VTBR;0;20140425;102529;0.037510000;120000
VTBR;0;20140425;102529;0.037510000;80000
VTBR;0;20140425;102529;0.037510000;120000
VTBR;0;20140425;102537;0.037520000;20000
VTBR;0;20140425;102537;0.037500000;26700000
VTBR;0;20140425;102539;0.037500000;5000000
VTBR;0;20140425;102540;0.037500000;5000000
VTBR;0;20140425;102541;0.037510000;5000000
VTBR;0;20140425;102549;0.037510000;5000000
VTBR;0;20140425;102551;0.037510000;5000000
VTBR;0;20140425;102551;0.037510000;10000
VTBR;0;20140425;102551;0.037500000;18990000
VTBR;0;20140425;102557;0.037510000;320000
VTBR;0;20140425;102557;0.037510000;180000
VTBR;0;20140425;102557;0.037520000;15000000
VTBR;0;20140425;102557;0.037530000;870000
VTBR;0;20140425;102557;0.037530000;2500000
VTBR;0;20140425;102557;0.037540000;1630000
VTBR;0;20140425;102601;0.037510000;4000000
VTBR;0;20140425;102602;0.037510000;1000000
VTBR;0;20140425;102602;0.037510000;5000000
VTBR;0;20140425;102603;0.037510000;5000000
VTBR;0;20140425;102604;0.037500000;2070000
VTBR;0;20140425;102604;0.037500000;2070000
VTBR;0;20140425;102604;0.037500000;12300000
VTBR;0;20140425;102604;0.037500000;200000
VTBR;0;20140425;102604;0.037500000;10000
VTBR;0;20140425;102604;0.037500000;1000000
VTBR;0;20140425;102604;0.037500000;200000
VTBR;0;20140425;102604;0.037490000;3000000
VTBR;0;20140425;102604;0.037480000;7000000
VTBR;0;20140425;102604;0.037460000;120000
VTBR;0;20140425;102604;0.037460000;3000000
VTBR;0;20140425;102604;0.037460000;5000000
VTBR;0;20140425;102604;0.037450000;1000000
VTBR;0;20140425;102604;0.037450000;10000
VTBR;0;20140425;102604;0.037450000;2000000
VTBR;0;20140425;102604;0.037450000;50000
VTBR;0;20140425;102604;0.037450000;640000
VTBR;0;20140425;102604;0.037440000;3540000
VTBR;0;20140425;102604;0.037440000;50000
VTBR;0;20140425;102604;0.037440000;50000
VTBR;0;20140425;102604;0.037440000;2000000
VTBR;0;20140425;102604;0.037440000;10000
VTBR;0;20140425;102604;0.037440000;800000
VTBR;0;20140425;102604;0.037430000;40000
VTBR;0;20140425;102604;0.037430000;50000
VTBR;0;20140425;102604;0.037430000;20000
VTBR;0;20140425;102604;0.037430000;1660000
VTBR;0;20140425;102604;0.037430000;6660000
VTBR;0;20140425;102605;0.037470000;40000
VTBR;0;20140425;102605;0.037450000;40000
VTBR;0;20140425;102605;0.037440000;110000
VTBR;0;20140425;102605;0.037460000;40000
VTBR;0;20140425;102609;0.037470000;220000
VTBR;0;20140425;102610;0.037470000;50000
VTBR;0;20140425;102611;0.037470000;250000
VTBR;0;20140425;102615;0.037450000;1700000
VTBR;0;20140425;102615;0.037460000;320000
VTBR;0;20140425;102622;0.037470000;1000000
VTBR;0;20140425;102623;0.037460000;10000
VTBR;0;20140425;102623;0.037460000;10000
VTBR;0;20140425;102624;0.037460000;40000
VTBR;0;20140425;102626;0.037470000;90000
VTBR;0;20140425;102626;0.037470000;30000
VTBR;0;20140425;102626;0.037470000;200000
VTBR;0;20140425;102629;0.037470000;150000
VTBR;0;20140425;102631;0.037490000;40000
VTBR;0;20140425;102631;0.037490000;180000
VTBR;0;20140425;102631;0.037490000;150000
VTBR;0;20140425;102631;0.037490000;170000
VTBR;0;20140425;102644;0.037500000;10000
VTBR;0;20140425;102646;0.037500000;70000
VTBR;0;20140425;102646;0.037500000;170000
VTBR;0;20140425;102646;0.037500000;650000
VTBR;0;20140425;102646;0.037500000;20000
VTBR;0;20140425;102648;0.037500000;60000
VTBR;0;20140425;102648;0.037500000;550000
VTBR;0;20140425;102649;0.037500000;2000000
VTBR;0;20140425;102649;0.037500000;1670000
VTBR;0;20140425;102649;0.037500000;100000
VTBR;0;20140425;102649;0.037530000;800000
VTBR;0;20140425;102652;0.037530000;20000
VTBR;0;20140425;102652;0.037530000;110000
VTBR;0;20140425;102653;0.037530000;530000
VTBR;0;20140425;102654;0.037510000;15000000
VTBR;0;20140425;102654;0.037510000;1810000
VTBR;0;20140425;102654;0.037500000;3230000
VTBR;0;20140425;102654;0.037500000;5000000
VTBR;0;20140425;102654;0.037500000;1660000
VTBR;0;20140425;102654;0.037510000;15000000
VTBR;0;20140425;102654;0.037500000;7520000
VTBR;0;20140425;102654;0.037490000;220000
VTBR;0;20140425;102655;0.037510000;10000
VTBR;0;20140425;102657;0.037520000;390000
VTBR;0;20140425;102658;0.037520000;2000000
VTBR;0;20140425;102658;0.037520000;12610000
VTBR;0;20140425;102658;0.037530000;1490000
VTBR;0;20140425;102658;0.037530000;20000
VTBR;0;20140425;102658;0.037530000;9850000
VTBR;0;20140425;102658;0.037540000;290000
VTBR;0;20140425;102658;0.037540000;170000
VTBR;0;20140425;102658;0.037540000;130000
VTBR;0;20140425;102658;0.037540000;2640000
VTBR;0;20140425;102658;0.037540000;70000
VTBR;0;20140425;102658;0.037540000;140000
VTBR;0;20140425;102658;0.037540000;150000
VTBR;0;20140425;102658;0.037540000;30000
VTBR;0;20140425;102658;0.037540000;270000
VTBR;0;20140425;102658;0.037540000;570000
VTBR;0;20140425;102658;0.037550000;480000
VTBR;0;20140425;102658;0.037550000;10000
VTBR;0;20140425;102658;0.037550000;10000
VTBR;0;20140425;102658;0.037550000;190000
VTBR;0;20140425;102658;0.037550000;7810000
VTBR;0;20140425;102658;0.037550000;150000
VTBR;0;20140425;102658;0.037550000;310000
VTBR;0;20140425;102658;0.037550000;40000
VTBR;0;20140425;102658;0.037550000;1000000
VTBR;0;20140425;102659;0.037570000;18950000
VTBR;0;20140425;102659;0.037570000;12080000
VTBR;0;20140425;102659;0.037570000;50000
VTBR;0;20140425;102659;0.037570000;1910000
VTBR;0;20140425;102659;0.037570000;70000
VTBR;0;20140425;102659;0.037570000;70000
VTBR;0;20140425;102659;0.037570000;590000
VTBR;0;20140425;102659;0.037570000;3420000
VTBR;0;20140425;102659;0.037570000;30000
VTBR;0;20140425;102659;0.037570000;430000
VTBR;0;20140425;102659;0.037560000;3620000
VTBR;0;20140425;102659;0.037560000;2070000
VTBR;0;20140425;102659;0.037560000;3200000
VTBR;0;20140425;102659;0.037570000;15000000
VTBR;0;20140425;102659;0.037570000;520000
VTBR;0;20140425;102659;0.037570000;2080000
VTBR;0;20140425;102700;0.037560000;130000
VTBR;0;20140425;102701;0.037560000;520000
VTBR;0;20140425;102702;0.037560000;260000
VTBR;0;20140425;102704;0.037560000;10000
VTBR;0;20140425;102714;0.037560000;20000
VTBR;0;20140425;102714;0.037550000;10000
VTBR;0;20140425;102714;0.037550000;10000
VTBR;0;20140425;102716;0.037560000;1700000
VTBR;0;20140425;102717;0.037560000;10000000
VTBR;0;20140425;102718;0.037560000;2360000
VTBR;0;20140425;102718;0.037560000;290000
VTBR;0;20140425;102719;0.037550000;80000
VTBR;0;20140425;102719;0.037540000;80000
VTBR;0;20140425;102719;0.037540000;40000
VTBR;0;20140425;102719;0.037540000;70000
VTBR;0;20140425;102721;0.037540000;12000000
VTBR;0;20140425;102721;0.037530000;80000
VTBR;0;20140425;102722;0.037530000;410000
VTBR;0;20140425;102722;0.037530000;2670000
VTBR;0;20140425;102727;0.037540000;3050000
VTBR;0;20140425;102727;0.037540000;3610000
VTBR;0;20140425;102729;0.037550000;10000
VTBR;0;20140425;102731;0.037550000;500000
VTBR;0;20140425;102733;0.037550000;830000
VTBR;0;20140425;102733;0.037550000;830000
VTBR;0;20140425;102733;0.037550000;830000
VTBR;0;20140425;102733;0.037550000;830000
VTBR;0;20140425;102733;0.037550000;830000
VTBR;0;20140425;102733;0.037550000;830000
VTBR;0;20140425;102733;0.037550000;830000
VTBR;0;20140425;102733;0.037560000;710000
VTBR;0;20140425;102733;0.037570000;830000
VTBR;0;20140425;102733;0.037570000;830000
VTBR;0;20140425;102733;0.037570000;830000
VTBR;0;20140425;102733;0.037570000;830000
VTBR;0;20140425;102733;0.037570000;830000
VTBR;0;20140425;102733;0.037570000;830000
VTBR;0;20140425;102733;0.037570000;830000
VTBR;0;20140425;102733;0.037570000;830000
VTBR;0;20140425;102733;0.037570000;830000
VTBR;0;20140425;102733;0.037570000;830000
VTBR;0;20140425;102733;0.037570000;650000
VTBR;0;20140425;102733;0.037570000;830000
VTBR;0;20140425;102733;0.037570000;830000
VTBR;0;20140425;102733;0.037570000;830000
VTBR;0;20140425;102733;0.037570000;830000
VTBR;0;20140425;102733;0.037570000;830000
VTBR;0;20140425;102733;0.037570000;830000
VTBR;0;20140425;102733;0.037570000;830000
VTBR;0;20140425;102733;0.037570000;830000
VTBR;0;20140425;102733;0.037570000;830000
VTBR;0;20140425;102733;0.037570000;450000
VTBR;0;20140425;102733;0.037570000;110000
VTBR;0;20140425;102733;0.037570000;400000
VTBR;0;20140425;102733;0.037570000;7070000
VTBR;0;20140425;102734;0.037570000;7950000
VTBR;0;20140425;102734;0.037570000;1980000
VTBR;0;20140425;102734;0.037570000;8340000
VTBR;0;20140425;102734;0.037570000;190000
VTBR;0;20140425;102736;0.037560000;800000
VTBR;0;20140425;102741;0.037560000;9000000
VTBR;0;20140425;102743;0.037570000;100000
VTBR;0;20140425;102746;0.037550000;14490000
VTBR;0;20140425;102746;0.037550000;4780000
VTBR;0;20140425;102746;0.037550000;9910000
VTBR;0;20140425;102746;0.037550000;1240000
VTBR;0;20140425;102746;0.037550000;2280000
VTBR;0;20140425;102746;0.037550000;1230000
VTBR;0;20140425;102746;0.037550000;560000
VTBR;0;20140425;102748;0.037560000;1000000
VTBR;0;20140425;102749;0.037530000;20000
VTBR;0;20140425;102751;0.037530000;450000
VTBR;0;20140425;102751;0.037550000;150000
VTBR;0;20140425;102755;0.037560000;50000
VTBR;0;20140425;102800;0.037550000;120000
VTBR;0;20140425;102800;0.037550000;120000
VTBR;0;20140425;102808;0.037570000;10000
VTBR;0;20140425;102814;0.037560000;10000
VTBR;0;20140425;102814;0.037550000;610000
VTBR;0;20140425;102814;0.037550000;2380000
VTBR;0;20140425;102814;0.037550000;2620000
VTBR;0;20140425;102814;0.037550000;8040000
VTBR;0;20140425;102814;0.037550000;1960000
VTBR;0;20140425;102814;0.037540000;1960000
VTBR;0;20140425;102816;0.037530000;6530000
VTBR;0;20140425;102816;0.037530000;1000000
VTBR;0;20140425;102816;0.037530000;5000000
VTBR;0;20140425;102816;0.037530000;2470000
VTBR;0;20140425;102833;0.037520000;50000
VTBR;0;20140425;102833;0.037520000;4950000
VTBR;0;20140425;102834;0.037520000;50000
VTBR;0;20140425;102834;0.037520000;200000
VTBR;0;20140425;102834;0.037520000;10000
VTBR;0;20140425;102834;0.037520000;3670000
VTBR;0;20140425;102834;0.037520000;1070000
VTBR;0;20140425;102834;0.037540000;10000
VTBR;0;20140425;102834;0.037520000;1550000
VTBR;0;20140425;102834;0.037520000;10000
VTBR;0;20140425;102834;0.037510000;1000000
VTBR;0;20140425;102834;0.037510000;2440000
VTBR;0;20140425;102835;0.037520000;5000000
VTBR;0;20140425;102836;0.037520000;5000000
VTBR;0;20140425;102836;0.037520000;5000000
VTBR;0;20140425;102837;0.037510000;3600000
VTBR;0;20140425;102839;0.037510000;3960000
VTBR;0;20140425;102839;0.037510000;1040000
VTBR;0;20140425;102840;0.037510000;5000000
VTBR;0;20140425;102840;0.037510000;3960000
VTBR;0;20140425;102840;0.037510000;1040000
VTBR;0;20140425;102841;0.037510000;5000000
VTBR;0;20140425;102841;0.037510000;2960000
VTBR;0;20140425;102841;0.037510000;2040000
VTBR;0;20140425;102843;0.037510000;5000000
VTBR;0;20140425;102845;0.037510000;5000000
VTBR;0;20140425;102846;0.037510000;5000000
VTBR;0;20140425;102847;0.037510000;5000000
VTBR;0;20140425;102900;0.037540000;100000
VTBR;0;20140425;102903;0.037510000;5000000
VTBR;0;20140425;102905;0.037510000;3600000
VTBR;0;20140425;102905;0.037510000;1400000
VTBR;0;20140425;102905;0.037540000;130000
VTBR;0;20140425;102907;0.037520000;5000000
VTBR;0;20140425;102909;0.037510000;5000000
VTBR;0;20140425;102910;0.037510000;5000000
VTBR;0;20140425;102912;0.037520000;10000
VTBR;0;20140425;102913;0.037520000;5000000
VTBR;0;20140425;102914;0.037520000;20000
VTBR;0;20140425;102915;0.037520000;20000
VTBR;0;20140425;102915;0.037520000;9960000
VTBR;0;20140425;102917;0.037510000;5000000
VTBR;0;20140425;102919;0.037540000;3000000
VTBR;0;20140425;102921;0.037530000;10000
VTBR;0;20140425;102921;0.037510000;4360000
VTBR;0;20140425;102921;0.037510000;640000
VTBR;0;20140425;102922;0.037510000;2360000
VTBR;0;20140425;102922;0.037510000;2640000
VTBR;0;20140425;102923;0.037510000;2360000
VTBR;0;20140425;102923;0.037510000;2640000
VTBR;0;20140425;102923;0.037520000;10000
VTBR;0;20140425;102923;0.037510000;4990000
VTBR;0;20140425;102924;0.037520000;5000000
VTBR;0;20140425;102924;0.037520000;2000000
VTBR;0;20140425;102924;0.037520000;1000000
VTBR;0;20140425;102924;0.037540000;10000
VTBR;0;20140425;102925;0.037520000;5000000
VTBR;0;20140425;102925;0.037520000;620000
VTBR;0;20140425;102925;0.037520000;5000000
VTBR;0;20140425;102925;0.037520000;380000
VTBR;0;20140425;102926;0.037520000;5000000
VTBR;0;20140425;102927;0.037520000;5000000
VTBR;0;20140425;102928;0.037520000;5000000
VTBR;0;20140425;102928;0.037520000;5000000
VTBR;0;20140425;102929;0.037520000;5000000
VTBR;0;20140425;102930;0.037520000;5000000
VTBR;0;20140425;102930;0.037520000;1000000
VTBR;0;20140425;102930;0.037510000;2370000
VTBR;0;20140425;102930;0.037510000;400000
VTBR;0;20140425;102930;0.037510000;1230000
VTBR;0;20140425;102931;0.037510000;5000000
VTBR;0;20140425;102932;0.037510000;5000000
VTBR;0;20140425;102932;0.037510000;5000000
VTBR;0;20140425;102933;0.037510000;5000000
VTBR;0;20140425;102934;0.037510000;5000000
VTBR;0;20140425;102934;0.037510000;10000
VTBR;0;20140425;102934;0.037510000;5000000
VTBR;0;20140425;102935;0.037510000;5000000
VTBR;0;20140425;102936;0.037510000;5000000
VTBR;0;20140425;102936;0.037510000;4200000
VTBR;0;20140425;102943;0.037510000;4560000
VTBR;0;20140425;102943;0.037510000;440000
VTBR;0;20140425;102944;0.037510000;1530000
VTBR;0;20140425;102944;0.037510000;3470000
VTBR;0;20140425;102945;0.037510000;5000000
VTBR;0;20140425;102946;0.037510000;5000000
VTBR;0;20140425;102946;0.037510000;5000000
VTBR;0;20140425;102947;0.037510000;5000000
VTBR;0;20140425;102947;0.037510000;5000000
VTBR;0;20140425;102948;0.037510000;5000000
VTBR;0;20140425;102949;0.037510000;5000000
VTBR;0;20140425;102949;0.037510000;5000000
VTBR;0;20140425;102950;0.037510000;5000000
VTBR;0;20140425;102951;0.037510000;5000000
VTBR;0;20140425;102951;0.037510000;5000000
VTBR;0;20140425;102952;0.037510000;5000000
VTBR;0;20140425;102952;0.037510000;5000000
VTBR;0;20140425;102953;0.037510000;5000000
VTBR;0;20140425;102954;0.037510000;5000000
VTBR;0;20140425;102954;0.037510000;5000000
VTBR;0;20140425;102955;0.037510000;5000000
VTBR;0;20140425;102956;0.037510000;200000
VTBR;0;20140425;103009;0.037510000;1330000
VTBR;0;20140425;103009;0.037510000;300000
VTBR;0;20140425;103009;0.037510000;9700000
VTBR;0;20140425;103010;0.037510000;5000000
VTBR;0;20140425;103010;0.037510000;5000000
VTBR;0;20140425;103010;0.037510000;5000000
VTBR;0;20140425;103011;0.037510000;610000
VTBR;0;20140425;103011;0.037510000;4390000
VTBR;0;20140425;103011;0.037510000;5000000
VTBR;0;20140425;103011;0.037510000;970000
VTBR;0;20140425;103011;0.037510000;3280000
VTBR;0;20140425;103011;0.037510000;750000
VTBR;0;20140425;103011;0.037510000;480000
VTBR;0;20140425;103011;0.037510000;1320000
VTBR;0;20140425;103011;0.037510000;3230000
VTBR;0;20140425;103011;0.037510000;3970000
VTBR;0;20140425;103011;0.037510000;1000000
VTBR;0;20140425;103011;0.037510000;850000
VTBR;0;20140425;103011;0.037510000;2590000
VTBR;0;20140425;103011;0.037510000;6120000
VTBR;0;20140425;103011;0.037510000;300000
VTBR;0;20140425;103011;0.037510000;140000
VTBR;0;20140425;103012;0.037510000;80000
VTBR;0;20140425;103012;0.037510000;9920000
VTBR;0;20140425;103013;0.037510000;550000
VTBR;0;20140425;103013;0.037510000;680000
VTBR;0;20140425;103013;0.037510000;850000
VTBR;0;20140425;103013;0.037510000;5190000
VTBR;0;20140425;103013;0.037510000;2730000
VTBR;0;20140425;103014;0.037510000;5000000
VTBR;0;20140425;103014;0.037510000;5000000
VTBR;0;20140425;103015;0.037510000;5000000
VTBR;0;20140425;103015;0.037510000;5000000
VTBR;0;20140425;103018;0.037520000;1000000
VTBR;0;20140425;103018;0.037520000;400000
VTBR;0;20140425;103022;0.037520000;600000
VTBR;0;20140425;103022;0.037510000;4400000
VTBR;0;20140425;103022;0.037530000;500000
VTBR;0;20140425;103022;0.037540000;4500000
VTBR;0;20140425;103023;0.037510000;5000000
VTBR;0;20140425;103023;0.037510000;5000000
VTBR;0;20140425;103024;0.037540000;1000000
VTBR;0;20140425;103026;0.037510000;10000000
VTBR;0;20140425;103026;0.037510000;1870000
VTBR;0;20140425;103029;0.037510000;410000
VTBR;0;20140425;103035;0.037510000;300000
VTBR;0;20140425;103041;0.037510000;9800000
VTBR;0;20140425;103041;0.037510000;200000
VTBR;0;20140425;103043;0.037510000;1000000
VTBR;0;20140425;103048;0.037540000;650000
VTBR;0;20140425;103054;0.037540000;130000
VTBR;0;20140425;103102;0.037510000;89800000
VTBR;0;20140425;103102;0.037510000;200000
VTBR;0;20140425;103108;0.037510000;10000000
VTBR;0;20140425;103111;0.037530000;100000
VTBR;0;20140425;103155;0.037520000;100000
VTBR;0;20140425;103155;0.037510000;2420000
VTBR;0;20140425;103155;0.037510000;2480000
VTBR;0;20140425;103156;0.037510000;520000
VTBR;0;20140425;103156;0.037510000;4480000
VTBR;0;20140425;103156;0.037530000;30000
VTBR;0;20140425;103156;0.037530000;9970000
VTBR;0;20140425;103157;0.037510000;5000000
VTBR;0;20140425;103209;0.037530000;20000
VTBR;0;20140425;103228;0.037510000;500000
VTBR;0;20140425;103248;0.037510000;20000
VTBR;0;20140425;103248;0.037510000;930000
VTBR;0;20140425;103248;0.037510000;1070000
VTBR;0;20140425;103248;0.037510000;10000
VTBR;0;20140425;103248;0.037510000;10000
VTBR;0;20140425;103248;0.037510000;10000000
VTBR;0;20140425;103248;0.037510000;10000000
VTBR;0;20140425;103251;0.037530000;10000
VTBR;0;20140425;103251;0.037530000;510000
VTBR;0;20140425;103303;0.037510000;26000000
VTBR;0;20140425;103315;0.037530000;220000
VTBR;0;20140425;103326;0.037530000;80000
VTBR;0;20140425;103328;0.037530000;9190000
VTBR;0;20140425;103328;0.037540000;1100000
VTBR;0;20140425;103332;0.037520000;10000
VTBR;0;20140425;103341;0.037550000;10000
VTBR;0;20140425;103341;0.037550000;3670000
VTBR;0;20140425;103341;0.037550000;1680000
VTBR;0;20140425;103341;0.037550000;6000000
VTBR;0;20140425;103341;0.037550000;50000
VTBR;0;20140425;103341;0.037550000;10000
VTBR;0;20140425;103341;0.037550000;5000000
VTBR;0;20140425;103341;0.037560000;7480000
VTBR;0;20140425;103346;0.037530000;40000
VTBR;0;20140425;103346;0.037530000;60000
VTBR;0;20140425;103346;0.037520000;500000
VTBR;0;20140425;103346;0.037520000;200000
VTBR;0;20140425;103346;0.037520000;500000
VTBR;0;20140425;103346;0.037520000;200000
VTBR;0;20140425;103349;0.037520000;1000000
VTBR;0;20140425;103349;0.037520000;200000
VTBR;0;20140425;103351;0.037520000;200000
VTBR;0;20140425;103352;0.037520000;200000
VTBR;0;20140425;103353;0.037540000;2500000
VTBR;0;20140425;103353;0.037550000;50000
VTBR;0;20140425;103353;0.037520000;200000
VTBR;0;20140425;103354;0.037520000;200000
VTBR;0;20140425;103354;0.037520000;200000
VTBR;0;20140425;103355;0.037520000;200000
VTBR;0;20140425;103356;0.037520000;200000
VTBR;0;20140425;103357;0.037540000;100000
VTBR;0;20140425;103357;0.037530000;400000
VTBR;0;20140425;103357;0.037520000;500000
VTBR;0;20140425;103357;0.037520000;200000
VTBR;0;20140425;103358;0.037520000;200000
VTBR;0;20140425;103401;0.037520000;300000
VTBR;0;20140425;103402;0.037520000;200000
VTBR;0;20140425;103404;0.037540000;100000
VTBR;0;20140425;103404;0.037540000;200000
VTBR;0;20140425;103404;0.037540000;500000
VTBR;0;20140425;103404;0.037540000;500000
VTBR;0;20140425;103404;0.037540000;200000
VTBR;0;20140425;103405;0.037540000;200000
VTBR;0;20140425;103405;0.037540000;250000
VTBR;0;20140425;103405;0.037540000;50000
VTBR;0;20140425;103405;0.037530000;150000
VTBR;0;20140425;103431;0.037530000;200000
VTBR;0;20140425;103434;0.037530000;200000
VTBR;0;20140425;103435;0.037530000;200000
VTBR;0;20140425;103440;0.037530000;1000000
VTBR;0;20140425;103443;0.037530000;3350000
VTBR;0;20140425;103443;0.037530000;660000
VTBR;0;20140425;103443;0.037530000;4390000
VTBR;0;20140425;103443;0.037520000;120000
VTBR;0;20140425;103443;0.037520000;530000
VTBR;0;20140425;103443;0.037520000;1250000
VTBR;0;20140425;103443;0.037520000;1300000
VTBR;0;20140425;103443;0.037520000;320000
VTBR;0;20140425;103443;0.037520000;420000
VTBR;0;20140425;103443;0.037520000;20000
VTBR;0;20140425;103444;0.037520000;2940000
VTBR;0;20140425;103444;0.037510000;4000000
VTBR;0;20140425;103444;0.037510000;4000000
VTBR;0;20140425;103444;0.037510000;100000
VTBR;0;20140425;103444;0.037510000;10000
VTBR;0;20140425;103444;0.037500000;10000000
VTBR;0;20140425;103444;0.037500000;10000
VTBR;0;20140425;103444;0.037500000;200000
VTBR;0;20140425;103444;0.037500000;900000
VTBR;0;20140425;103444;0.037500000;10000
VTBR;0;20140425;103444;0.037500000;160000
VTBR;0;20140425;103444;0.037500000;1320000
VTBR;0;20140425;103445;0.037520000;5500000
VTBR;0;20140425;103446;0.037490000;3000000
VTBR;0;20140425;103446;0.037490000;2270000
VTBR;0;20140425;103446;0.037490000;4730000
VTBR;0;20140425;103446;0.037490000;270000
VTBR;0;20140425;103447;0.037490000;710000
VTBR;0;20140425;103447;0.037480000;10000
VTBR;0;20140425;103447;0.037480000;300000
VTBR;0;20140425;103447;0.037480000;300000
VTBR;0;20140425;103447;0.037470000;10000
VTBR;0;20140425;103447;0.037470000;50000
VTBR;0;20140425;103447;0.037470000;20000
VTBR;0;20140425;103447;0.037470000;600000
VTBR;0;20140425;103448;0.037480000;15000000
VTBR;0;20140425;103448;0.037510000;200000
VTBR;0;20140425;103451;0.037470000;40000
VTBR;0;20140425;103453;0.037470000;10000
VTBR;0;20140425;103455;0.037470000;140000
VTBR;0;20140425;103509;0.037470000;50000
VTBR;0;20140425;103509;0.037480000;400000
VTBR;0;20140425;103509;0.037480000;1870000
VTBR;0;20140425;103509;0.037470000;50000
VTBR;0;20140425;103515;0.037470000;30000
VTBR;0;20140425;103530;0.037500000;10000
VTBR;0;20140425;103537;0.037470000;100000
VTBR;0;20140425;103538;0.037470000;810000
VTBR;0;20140425;103556;0.037480000;100000
VTBR;0;20140425;103556;0.037480000;780000
VTBR;0;20140425;103556;0.037470000;120000
VTBR;0;20140425;103604;0.037490000;130000
VTBR;0;20140425;103624;0.037490000;350000
VTBR;0;20140425;103624;0.037490000;380000
VTBR;0;20140425;103636;0.037490000;10000
VTBR;0;20140425;103640;0.037500000;10000
VTBR;0;20140425;103640;0.037500000;600000
VTBR;0;20140425;103640;0.037510000;390000
VTBR;0;20140425;103649;0.037510000;60000
VTBR;0;20140425;103654;0.037510000;140000
VTBR;0;20140425;103659;0.037500000;70000
VTBR;0;20140425;103703;0.037490000;350000
VTBR;0;20140425;103705;0.037510000;140000
VTBR;0;20140425;103708;0.037500000;40000
VTBR;0;20140425;103708;0.037500000;19960000
VTBR;0;20140425;103708;0.037490000;780000
VTBR;0;20140425;103708;0.037490000;200000
VTBR;0;20140425;103712;0.037480000;10000
VTBR;0;20140425;103713;0.037500000;1000000
VTBR;0;20140425;103716;0.037490000;500000
VTBR;0;20140425;103726;0.037480000;990000
VTBR;0;20140425;103726;0.037480000;2000000
VTBR;0;20140425;103726;0.037480000;2010000
VTBR;0;20140425;103737;0.037500000;7670000
VTBR;0;20140425;103756;0.037480000;7990000
VTBR;0;20140425;103756;0.037480000;20000
VTBR;0;20140425;103756;0.037470000;8790000
VTBR;0;20140425;103800;0.037470000;10000
VTBR;0;20140425;103843;0.037490000;100000
VTBR;0;20140425;103845;0.037470000;140000
VTBR;0;20140425;103850;0.037470000;30000
VTBR;0;20140425;103850;0.037470000;10000
VTBR;0;20140425;103850;0.037470000;10000
VTBR;0;20140425;103850;0.037470000;10000
VTBR;0;20140425;103850;0.037470000;220000
VTBR;0;20140425;103850;0.037470000;10000
VTBR;0;20140425;103856;0.037470000;130000
VTBR;0;20140425;103857;0.037470000;70000
VTBR;0;20140425;103857;0.037470000;10000
VTBR;0;20140425;103858;0.037470000;40000
VTBR;0;20140425;103858;0.037470000;480000
VTBR;0;20140425;103858;0.037470000;20000
VTBR;0;20140425;103904;0.037470000;580000
VTBR;0;20140425;103904;0.037470000;290000
VTBR;0;20140425;103904;0.037470000;130000
VTBR;0;20140425;103904;0.037470000;500000
VTBR;0;20140425;103905;0.037460000;2440000
VTBR;0;20140425;103905;0.037460000;50000
VTBR;0;20140425;103905;0.037460000;3600000
VTBR;0;20140425;103906;0.037450000;1000000
VTBR;0;20140425;103906;0.037450000;10000
VTBR;0;20140425;103906;0.037450000;10000
VTBR;0;20140425;103906;0.037450000;660000
VTBR;0;20140425;103906;0.037450000;1000000
VTBR;0;20140425;103906;0.037450000;10000
VTBR;0;20140425;103906;0.037450000;140000
VTBR;0;20140425;103907;0.037440000;2000000
VTBR;0;20140425;103907;0.037440000;5000000
VTBR;0;20140425;103907;0.037440000;50000
VTBR;0;20140425;103907;0.037440000;20000
VTBR;0;20140425;103907;0.037440000;140000
VTBR;0;20140425;103907;0.037440000;10000
VTBR;0;20140425;103907;0.037440000;190000
VTBR;0;20140425;103909;0.037430000;1000000
VTBR;0;20140425;103909;0.037430000;50000
VTBR;0;20140425;103909;0.037430000;10000
VTBR;0;20140425;103909;0.037430000;2000000
VTBR;0;20140425;103909;0.037430000;30000
VTBR;0;20140425;103909;0.037430000;5000000
VTBR;0;20140425;103909;0.037430000;9210000
VTBR;0;20140425;103909;0.037430000;790000
VTBR;0;20140425;103909;0.037430000;10000
VTBR;0;20140425;103909;0.037430000;1540000
VTBR;0;20140425;103911;0.037430000;460000
VTBR;0;20140425;103914;0.037420000;40000
VTBR;0;20140425;103914;0.037420000;2610000
VTBR;0;20140425;103914;0.037420000;4000000
VTBR;0;20140425;103914;0.037420000;11390000
VTBR;0;20140425;103914;0.037420000;500000
VTBR;0;20140425;103914;0.037420000;10000
VTBR;0;20140425;103914;0.037420000;10000
VTBR;0;20140425;103914;0.037420000;50000
VTBR;0;20140425;103914;0.037410000;40000
VTBR;0;20140425;103914;0.037410000;10000
VTBR;0;20140425;103914;0.037410000;300000
VTBR;0;20140425;103914;0.037410000;50000
VTBR;0;20140425;103914;0.037410000;2790000
VTBR;0;20140425;103915;0.037410000;520000
VTBR;0;20140425;103916;0.037410000;130000
VTBR;0;20140425;103916;0.037410000;540000
VTBR;0;20140425;103917;0.037410000;390000
VTBR;0;20140425;103917;0.037410000;15630000
VTBR;0;20140425;103917;0.037410000;10000
VTBR;0;20140425;103917;0.037410000;10000
VTBR;0;20140425;103917;0.037410000;1780000
VTBR;0;20140425;103918;0.037400000;40000
VTBR;0;20140425;103918;0.037400000;110000
VTBR;0;20140425;103918;0.037400000;10000
VTBR;0;20140425;103918;0.037400000;1880000
VTBR;0;20140425;103918;0.037400000;30000
VTBR;0;20140425;103918;0.037400000;10000
VTBR;0;20140425;103918;0.037400000;100000
VTBR;0;20140425;103918;0.037400000;10000
VTBR;0;20140425;103918;0.037400000;100000
VTBR;0;20140425;103918;0.037400000;200000
VTBR;0;20140425;103918;0.037400000;10000
VTBR;0;20140425;103918;0.037400000;100000
VTBR;0;20140425;103918;0.037400000;3000000
VTBR;0;20140425;103918;0.037400000;50000
VTBR;0;20140425;103918;0.037400000;500000
VTBR;0;20140425;103918;0.037400000;10000
VTBR;0;20140425;103918;0.037390000;40000
VTBR;0;20140425;103918;0.037390000;100000
VTBR;0;20140425;103918;0.037390000;20000
VTBR;0;20140425;103918;0.037390000;10000
VTBR;0;20140425;103918;0.037390000;10000
VTBR;0;20140425;103918;0.037390000;10000
VTBR;0;20140425;103918;0.037380000;40000
VTBR;0;20140425;103918;0.037380000;350000
VTBR;0;20140425;103918;0.037380000;1000000
VTBR;0;20140425;103918;0.037380000;10000
VTBR;0;20140425;103918;0.037380000;10000
VTBR;0;20140425;103918;0.037380000;70000
VTBR;0;20140425;103919;0.037380000;650000
VTBR;0;20140425;103919;0.037380000;660000
VTBR;0;20140425;103922;0.037380000;80000
VTBR;0;20140425;103923;0.037380000;5000000
VTBR;0;20140425;103923;0.037380000;100000
VTBR;0;20140425;103924;0.037380000;650000
VTBR;0;20140425;103924;0.037380000;18990000
VTBR;0;20140425;103924;0.037380000;2600000
VTBR;0;20140425;103924;0.037380000;10000
VTBR;0;20140425;103926;0.037380000;650000
VTBR;0;20140425;103929;0.037380000;130000
VTBR;0;20140425;103930;0.037380000;80000
VTBR;0;20140425;103930;0.037380000;110000
VTBR;0;20140425;103930;0.037380000;110000
VTBR;0;20140425;103931;0.037380000;11910000
VTBR;0;20140425;103931;0.037380000;16200000
VTBR;0;20140425;103931;0.037380000;10000
VTBR;0;20140425;103931;0.037370000;30000
VTBR;0;20140425;103935;0.037370000;10000
VTBR;0;20140425;103935;0.037370000;300000
VTBR;0;20140425;103935;0.037370000;300000
VTBR;0;20140425;103935;0.037370000;390000
VTBR;0;20140425;103936;0.037370000;2500000
VTBR;0;20140425;103936;0.037380000;3790000
VTBR;0;20140425;103941;0.037380000;15000000
VTBR;0;20140425;103941;0.037380000;10000
VTBR;0;20140425;103941;0.037380000;100000
VTBR;0;20140425;103941;0.037380000;1910000
VTBR;0;20140425;103941;0.037380000;2170000
VTBR;0;20140425;103941;0.037380000;2600000
VTBR;0;20140425;103941;0.037380000;3840000
VTBR;0;20140425;103941;0.037380000;1120000
VTBR;0;20140425;103950;0.037400000;10000
VTBR;0;20140425;103958;0.037400000;10000
VTBR;0;20140425;104000;0.037400000;20000
VTBR;0;20140425;104000;0.037380000;10000
VTBR;0;20140425;104002;0.037400000;20000
VTBR;0;20140425;104002;0.037400000;30000
VTBR;0;20140425;104003;0.037390000;500000
VTBR;0;20140425;104003;0.037380000;14500000
VTBR;0;20140425;104004;0.037400000;10000
VTBR;0;20140425;104004;0.037400000;20000
VTBR;0;20140425;104004;0.037400000;60000
VTBR;0;20140425;104004;0.037400000;90000
VTBR;0;20140425;104004;0.037400000;100000
VTBR;0;20140425;104004;0.037400000;80000
VTBR;0;20140425;104004;0.037390000;370000
VTBR;0;20140425;104004;0.037390000;1100000
VTBR;0;20140425;104006;0.037400000;30000
VTBR;0;20140425;104012;0.037400000;15620000
VTBR;0;20140425;104012;0.037400000;5000000
VTBR;0;20140425;104012;0.037400000;50000
VTBR;0;20140425;104012;0.037400000;780000
VTBR;0;20140425;104018;0.037430000;20000
VTBR;0;20140425;104018;0.037420000;150000
VTBR;0;20140425;104039;0.037430000;100000
VTBR;0;20140425;104045;0.037420000;20000
VTBR;0;20140425;104045;0.037410000;80000
VTBR;0;20140425;104051;0.037410000;390000
VTBR;0;20140425;104055;0.037400000;270000
VTBR;0;20140425;104059;0.037420000;1000000
VTBR;0;20140425;104102;0.037410000;10000
VTBR;0;20140425;104103;0.037400000;10000
VTBR;0;20140425;104103;0.037400000;11230000
VTBR;0;20140425;104103;0.037400000;6440000
VTBR;0;20140425;104103;0.037400000;1150000
VTBR;0;20140425;104103;0.037400000;10000
VTBR;0;20140425;104103;0.037400000;5430000
VTBR;0;20140425;104103;0.037400000;220000
VTBR;0;20140425;104103;0.037400000;3270000
VTBR;0;20140425;104103;0.037400000;10000
VTBR;0;20140425;104103;0.037400000;510000
VTBR;0;20140425;104104;0.037380000;50000
VTBR;0;20140425;104104;0.037380000;340000
VTBR;0;20140425;104105;0.037380000;240000
VTBR;0;20140425;104107;0.037370000;130000
VTBR;0;20140425;104107;0.037370000;650000
VTBR;0;20140425;104108;0.037370000;260000
VTBR;0;20140425;104109;0.037390000;1000000
VTBR;0;20140425;104112;0.037370000;7070000
VTBR;0;20140425;104112;0.037370000;1500000
VTBR;0;20140425;104112;0.037370000;50000
VTBR;0;20140425;104112;0.037370000;3100000
VTBR;0;20140425;104112;0.037370000;20000
VTBR;0;20140425;104112;0.037370000;100000
VTBR;0;20140425;104112;0.037370000;100000
VTBR;0;20140425;104112;0.037370000;10000
VTBR;0;20140425;104112;0.037370000;20000
VTBR;0;20140425;104112;0.037370000;30000
VTBR;0;20140425;104114;0.037370000;1990000
VTBR;0;20140425;104115;0.037370000;980000
VTBR;0;20140425;104116;0.037360000;20000
VTBR;0;20140425;104120;0.037370000;420000
VTBR;0;20140425;104123;0.037390000;2610000
VTBR;0;20140425;104123;0.037390000;80000
VTBR;0;20140425;104123;0.037390000;80000
VTBR;0;20140425;104124;0.037370000;3020000
VTBR;0;20140425;104124;0.037370000;810000
VTBR;0;20140425;104125;0.037370000;650000
VTBR;0;20140425;104128;0.037360000;20000
VTBR;0;20140425;104128;0.037360000;2000000
VTBR;0;20140425;104128;0.037360000;100000
VTBR;0;20140425;104128;0.037360000;80000
VTBR;0;20140425;104131;0.037360000;70000
VTBR;0;20140425;104131;0.037360000;30000
VTBR;0;20140425;104131;0.037360000;100000
VTBR;0;20140425;104133;0.037360000;200000
VTBR;0;20140425;104133;0.037360000;1200000
VTBR;0;20140425;104134;0.037350000;10000
VTBR;0;20140425;104134;0.037350000;40000
VTBR;0;20140425;104134;0.037350000;1000000
VTBR;0;20140425;104134;0.037350000;10000
VTBR;0;20140425;104134;0.037350000;500000
VTBR;0;20140425;104134;0.037350000;600000
VTBR;0;20140425;104134;0.037350000;50000
VTBR;0;20140425;104134;0.037350000;10000
VTBR;0;20140425;104134;0.037350000;10000
VTBR;0;20140425;104134;0.037350000;2970000
VTBR;0;20140425;104135;0.037350000;1530000
VTBR;0;20140425;104135;0.037350000;5000000
VTBR;0;20140425;104135;0.037350000;10000
VTBR;0;20140425;104135;0.037350000;500000
VTBR;0;20140425;104135;0.037350000;10000
